[
  {
    "id": 1,
    "date": "11/15/2017",
    "client_name": "Morie Simner",
    "appointment_type": "0DC33ZZ",
    "duration": 42,
    "revenue": 83,
    "cost": 32,
    "practitioner_id": 4
  },
  {
    "id": 2,
    "date": "2/16/2018",
    "client_name": "Lindy Aldcorne",
    "appointment_type": "0RHQ48Z",
    "duration": 46,
    "revenue": 70,
    "cost": 16,
    "practitioner_id": 9
  },
  {
    "id": 3,
    "date": "6/3/2018",
    "client_name": "Michele Bampfield",
    "appointment_type": "0QHG3DZ",
    "duration": 50,
    "revenue": 81,
    "cost": 37,
    "practitioner_id": 3
  },
  {
    "id": 4,
    "date": "6/24/2018",
    "client_name": "Tiffie Haggerston",
    "appointment_type": "05U307Z",
    "duration": 19,
    "revenue": 60,
    "cost": 29,
    "practitioner_id": 9
  },
  {
    "id": 5,
    "date": "5/22/2018",
    "client_name": "Lynna Runchman",
    "appointment_type": "0LU84KZ",
    "duration": 45,
    "revenue": 93,
    "cost": 23,
    "practitioner_id": 10
  },
  {
    "id": 6,
    "date": "8/16/2018",
    "client_name": "Cull Dufour",
    "appointment_type": "0SHP33Z",
    "duration": 11,
    "revenue": 95,
    "cost": 32,
    "practitioner_id": 1
  },
  {
    "id": 7,
    "date": "4/9/2018",
    "client_name": "Orran Thrift",
    "appointment_type": "0L9B40Z",
    "duration": 12,
    "revenue": 58,
    "cost": 25,
    "practitioner_id": 5
  },
  {
    "id": 8,
    "date": "5/3/2018",
    "client_name": "Aaren Collopy",
    "appointment_type": "03VK4BZ",
    "duration": 18,
    "revenue": 77,
    "cost": 36,
    "practitioner_id": 6
  },
  {
    "id": 9,
    "date": "12/6/2017",
    "client_name": "Burty Laven",
    "appointment_type": "0DLL8ZZ",
    "duration": 13,
    "revenue": 87,
    "cost": 14,
    "practitioner_id": 5
  },
  {
    "id": 10,
    "date": "11/16/2017",
    "client_name": "Sari MacIlraith",
    "appointment_type": "0YHG03Z",
    "duration": 34,
    "revenue": 85,
    "cost": 13,
    "practitioner_id": 6
  },
  {
    "id": 11,
    "date": "10/16/2017",
    "client_name": "Orion Buckney",
    "appointment_type": "080N0JZ",
    "duration": 57,
    "revenue": 97,
    "cost": 38,
    "practitioner_id": 6
  },
  {
    "id": 12,
    "date": "8/24/2018",
    "client_name": "Ethe Fredson",
    "appointment_type": "01D10ZZ",
    "duration": 29,
    "revenue": 85,
    "cost": 31,
    "practitioner_id": 5
  },
  {
    "id": 13,
    "date": "10/17/2017",
    "client_name": "Alyson Summerley",
    "appointment_type": "0NSF4ZZ",
    "duration": 21,
    "revenue": 92,
    "cost": 32,
    "practitioner_id": 10
  },
  {
    "id": 14,
    "date": "8/15/2018",
    "client_name": "Virginie Corking",
    "appointment_type": "0016072",
    "duration": 55,
    "revenue": 75,
    "cost": 20,
    "practitioner_id": 9
  },
  {
    "id": 15,
    "date": "10/2/2017",
    "client_name": "Leigha Wardlow",
    "appointment_type": "F06ZDVZ",
    "duration": 48,
    "revenue": 58,
    "cost": 30,
    "practitioner_id": 5
  },
  {
    "id": 16,
    "date": "9/9/2018",
    "client_name": "Flinn Gayton",
    "appointment_type": "0DU47JZ",
    "duration": 20,
    "revenue": 82,
    "cost": 33,
    "practitioner_id": 9
  },
  {
    "id": 17,
    "date": "1/30/2018",
    "client_name": "Tybie Pridham",
    "appointment_type": "0QBH3ZX",
    "duration": 23,
    "revenue": 74,
    "cost": 12,
    "practitioner_id": 1
  },
  {
    "id": 18,
    "date": "8/21/2018",
    "client_name": "Jim Tabart",
    "appointment_type": "0KQW0ZZ",
    "duration": 23,
    "revenue": 97,
    "cost": 15,
    "practitioner_id": 5
  },
  {
    "id": 19,
    "date": "6/29/2018",
    "client_name": "Huberto Ridding",
    "appointment_type": "0PSJ0ZZ",
    "duration": 55,
    "revenue": 65,
    "cost": 25,
    "practitioner_id": 3
  },
  {
    "id": 20,
    "date": "3/21/2018",
    "client_name": "Munmro Dagleas",
    "appointment_type": "03VM3DZ",
    "duration": 15,
    "revenue": 85,
    "cost": 40,
    "practitioner_id": 5
  },
  {
    "id": 21,
    "date": "2/21/2018",
    "client_name": "Lenee Tindle",
    "appointment_type": "041E49J",
    "duration": 17,
    "revenue": 66,
    "cost": 36,
    "practitioner_id": 6
  },
  {
    "id": 22,
    "date": "3/15/2018",
    "client_name": "Monique Minchindon",
    "appointment_type": "0RS6XZZ",
    "duration": 32,
    "revenue": 92,
    "cost": 32,
    "practitioner_id": 9
  },
  {
    "id": 23,
    "date": "9/16/2018",
    "client_name": "Haleigh Fearn",
    "appointment_type": "B538ZZZ",
    "duration": 49,
    "revenue": 50,
    "cost": 17,
    "practitioner_id": 2
  },
  {
    "id": 24,
    "date": "5/23/2018",
    "client_name": "Shepherd Dreinan",
    "appointment_type": "0D848ZZ",
    "duration": 53,
    "revenue": 66,
    "cost": 18,
    "practitioner_id": 6
  },
  {
    "id": 25,
    "date": "3/30/2018",
    "client_name": "Diandra Becaris",
    "appointment_type": "0315092",
    "duration": 57,
    "revenue": 57,
    "cost": 32,
    "practitioner_id": 8
  },
  {
    "id": 26,
    "date": "10/15/2017",
    "client_name": "Noemi Coleson",
    "appointment_type": "0UCF4ZZ",
    "duration": 48,
    "revenue": 76,
    "cost": 30,
    "practitioner_id": 10
  },
  {
    "id": 27,
    "date": "9/17/2018",
    "client_name": "Hermia Gatus",
    "appointment_type": "0CX4XZZ",
    "duration": 33,
    "revenue": 94,
    "cost": 40,
    "practitioner_id": 4
  },
  {
    "id": 28,
    "date": "4/21/2018",
    "client_name": "Di Ramsby",
    "appointment_type": "D713B9Z",
    "duration": 40,
    "revenue": 83,
    "cost": 18,
    "practitioner_id": 7
  },
  {
    "id": 29,
    "date": "7/14/2018",
    "client_name": "August Huyche",
    "appointment_type": "02164AQ",
    "duration": 31,
    "revenue": 55,
    "cost": 18,
    "practitioner_id": 1
  },
  {
    "id": 30,
    "date": "3/6/2018",
    "client_name": "Ramona Gallardo",
    "appointment_type": "0PBF0ZX",
    "duration": 12,
    "revenue": 72,
    "cost": 19,
    "practitioner_id": 7
  },
  {
    "id": 31,
    "date": "9/7/2018",
    "client_name": "Bertie Smalley",
    "appointment_type": "07L90CZ",
    "duration": 52,
    "revenue": 83,
    "cost": 36,
    "practitioner_id": 10
  },
  {
    "id": 32,
    "date": "7/8/2018",
    "client_name": "Andrei Newing",
    "appointment_type": "04R20KZ",
    "duration": 47,
    "revenue": 63,
    "cost": 32,
    "practitioner_id": 1
  },
  {
    "id": 33,
    "date": "7/30/2018",
    "client_name": "Averil Egglestone",
    "appointment_type": "02R547Z",
    "duration": 41,
    "revenue": 52,
    "cost": 19,
    "practitioner_id": 3
  },
  {
    "id": 34,
    "date": "2/13/2018",
    "client_name": "Carmel Greening",
    "appointment_type": "0RGP07Z",
    "duration": 59,
    "revenue": 65,
    "cost": 38,
    "practitioner_id": 9
  },
  {
    "id": 35,
    "date": "4/5/2018",
    "client_name": "Ethelbert Donavan",
    "appointment_type": "06V34ZZ",
    "duration": 47,
    "revenue": 55,
    "cost": 36,
    "practitioner_id": 3
  },
  {
    "id": 36,
    "date": "7/6/2018",
    "client_name": "Howie Sayse",
    "appointment_type": "0D1K4KM",
    "duration": 11,
    "revenue": 50,
    "cost": 20,
    "practitioner_id": 8
  },
  {
    "id": 37,
    "date": "9/19/2018",
    "client_name": "Cherilyn Eatherton",
    "appointment_type": "0HRLXK3",
    "duration": 46,
    "revenue": 80,
    "cost": 11,
    "practitioner_id": 3
  },
  {
    "id": 38,
    "date": "1/6/2018",
    "client_name": "Timmie Schruurs",
    "appointment_type": "06V74CZ",
    "duration": 51,
    "revenue": 68,
    "cost": 21,
    "practitioner_id": 4
  },
  {
    "id": 39,
    "date": "4/18/2018",
    "client_name": "Bea Masurel",
    "appointment_type": "0QPK4JZ",
    "duration": 41,
    "revenue": 66,
    "cost": 28,
    "practitioner_id": 4
  },
  {
    "id": 40,
    "date": "1/16/2018",
    "client_name": "Loralyn Godard",
    "appointment_type": "0B920ZX",
    "duration": 20,
    "revenue": 63,
    "cost": 28,
    "practitioner_id": 10
  },
  {
    "id": 41,
    "date": "2/21/2018",
    "client_name": "Georges Elloy",
    "appointment_type": "00930ZZ",
    "duration": 49,
    "revenue": 55,
    "cost": 26,
    "practitioner_id": 2
  },
  {
    "id": 42,
    "date": "6/17/2018",
    "client_name": "Siouxie Duligall",
    "appointment_type": "0PRN3JZ",
    "duration": 26,
    "revenue": 74,
    "cost": 18,
    "practitioner_id": 9
  },
  {
    "id": 43,
    "date": "3/8/2018",
    "client_name": "Holt Berrycloth",
    "appointment_type": "041C0A7",
    "duration": 55,
    "revenue": 83,
    "cost": 35,
    "practitioner_id": 2
  },
  {
    "id": 44,
    "date": "2/19/2018",
    "client_name": "Yevette Toman",
    "appointment_type": "0NU537Z",
    "duration": 36,
    "revenue": 54,
    "cost": 28,
    "practitioner_id": 4
  },
  {
    "id": 45,
    "date": "7/9/2018",
    "client_name": "Germaine Piccop",
    "appointment_type": "0P9C0ZZ",
    "duration": 56,
    "revenue": 51,
    "cost": 24,
    "practitioner_id": 8
  },
  {
    "id": 46,
    "date": "11/4/2017",
    "client_name": "Marinna Quenell",
    "appointment_type": "DG1597Z",
    "duration": 44,
    "revenue": 75,
    "cost": 34,
    "practitioner_id": 7
  },
  {
    "id": 47,
    "date": "1/15/2018",
    "client_name": "Seumas Stitson",
    "appointment_type": "0QT60ZZ",
    "duration": 28,
    "revenue": 78,
    "cost": 23,
    "practitioner_id": 3
  },
  {
    "id": 48,
    "date": "4/2/2018",
    "client_name": "Charline Stannett",
    "appointment_type": "0NWWXMZ",
    "duration": 33,
    "revenue": 50,
    "cost": 28,
    "practitioner_id": 4
  },
  {
    "id": 49,
    "date": "8/25/2018",
    "client_name": "Barbie McEvon",
    "appointment_type": "05BV3ZX",
    "duration": 25,
    "revenue": 55,
    "cost": 33,
    "practitioner_id": 8
  },
  {
    "id": 50,
    "date": "8/14/2018",
    "client_name": "Aile Farfolomeev",
    "appointment_type": "0MX30ZZ",
    "duration": 56,
    "revenue": 86,
    "cost": 20,
    "practitioner_id": 2
  },
  {
    "id": 51,
    "date": "11/27/2017",
    "client_name": "Neile Long",
    "appointment_type": "0KNS4ZZ",
    "duration": 49,
    "revenue": 75,
    "cost": 30,
    "practitioner_id": 10
  },
  {
    "id": 52,
    "date": "8/4/2018",
    "client_name": "Penny Stert",
    "appointment_type": "06PYX0Z",
    "duration": 54,
    "revenue": 61,
    "cost": 20,
    "practitioner_id": 3
  },
  {
    "id": 53,
    "date": "7/28/2018",
    "client_name": "Mile Lambe",
    "appointment_type": "2W51X0Z",
    "duration": 27,
    "revenue": 84,
    "cost": 15,
    "practitioner_id": 2
  },
  {
    "id": 54,
    "date": "2/22/2018",
    "client_name": "Engracia Murname",
    "appointment_type": "0D7L3ZZ",
    "duration": 19,
    "revenue": 94,
    "cost": 32,
    "practitioner_id": 5
  },
  {
    "id": 55,
    "date": "9/2/2018",
    "client_name": "Leontine Merigon",
    "appointment_type": "047C0D6",
    "duration": 15,
    "revenue": 80,
    "cost": 40,
    "practitioner_id": 6
  },
  {
    "id": 56,
    "date": "5/9/2018",
    "client_name": "Queenie Layson",
    "appointment_type": "03BJ0ZX",
    "duration": 54,
    "revenue": 93,
    "cost": 18,
    "practitioner_id": 8
  },
  {
    "id": 57,
    "date": "6/13/2018",
    "client_name": "Waneta Paladino",
    "appointment_type": "0N9V00Z",
    "duration": 15,
    "revenue": 86,
    "cost": 31,
    "practitioner_id": 5
  },
  {
    "id": 58,
    "date": "4/23/2018",
    "client_name": "Marius Stonbridge",
    "appointment_type": "0LS04ZZ",
    "duration": 48,
    "revenue": 86,
    "cost": 13,
    "practitioner_id": 4
  },
  {
    "id": 59,
    "date": "12/1/2017",
    "client_name": "Trixie Josephov",
    "appointment_type": "07PN30Z",
    "duration": 10,
    "revenue": 69,
    "cost": 34,
    "practitioner_id": 8
  },
  {
    "id": 60,
    "date": "8/12/2018",
    "client_name": "Pammie Monday",
    "appointment_type": "B522YZZ",
    "duration": 41,
    "revenue": 75,
    "cost": 26,
    "practitioner_id": 1
  },
  {
    "id": 61,
    "date": "7/12/2018",
    "client_name": "Lesley Bithell",
    "appointment_type": "08DJ3ZZ",
    "duration": 23,
    "revenue": 87,
    "cost": 10,
    "practitioner_id": 5
  },
  {
    "id": 62,
    "date": "11/26/2017",
    "client_name": "Theodosia Pickering",
    "appointment_type": "2W19X6Z",
    "duration": 40,
    "revenue": 72,
    "cost": 35,
    "practitioner_id": 10
  },
  {
    "id": 63,
    "date": "9/13/2018",
    "client_name": "Joaquin Crichton",
    "appointment_type": "04LH0DZ",
    "duration": 26,
    "revenue": 62,
    "cost": 10,
    "practitioner_id": 1
  },
  {
    "id": 64,
    "date": "11/26/2017",
    "client_name": "Garwin Balharry",
    "appointment_type": "0C9M3ZX",
    "duration": 37,
    "revenue": 78,
    "cost": 18,
    "practitioner_id": 10
  },
  {
    "id": 65,
    "date": "10/20/2017",
    "client_name": "Laird Petican",
    "appointment_type": "0K8F3ZZ",
    "duration": 46,
    "revenue": 98,
    "cost": 12,
    "practitioner_id": 6
  },
  {
    "id": 66,
    "date": "10/15/2017",
    "client_name": "Dosi Ference",
    "appointment_type": "0Q5S4ZZ",
    "duration": 37,
    "revenue": 63,
    "cost": 19,
    "practitioner_id": 6
  },
  {
    "id": 67,
    "date": "11/3/2017",
    "client_name": "Gwenette Charke",
    "appointment_type": "0KBK3ZX",
    "duration": 53,
    "revenue": 63,
    "cost": 12,
    "practitioner_id": 3
  },
  {
    "id": 68,
    "date": "8/17/2018",
    "client_name": "Arlen Bode",
    "appointment_type": "3E0J3HZ",
    "duration": 22,
    "revenue": 71,
    "cost": 22,
    "practitioner_id": 8
  },
  {
    "id": 69,
    "date": "8/4/2018",
    "client_name": "Nona Gerrill",
    "appointment_type": "0DBE4ZX",
    "duration": 26,
    "revenue": 65,
    "cost": 38,
    "practitioner_id": 6
  },
  {
    "id": 70,
    "date": "6/25/2018",
    "client_name": "Fae Mart",
    "appointment_type": "3E0R3CZ",
    "duration": 15,
    "revenue": 90,
    "cost": 24,
    "practitioner_id": 9
  },
  {
    "id": 71,
    "date": "8/19/2018",
    "client_name": "Jillayne Hardern",
    "appointment_type": "0SGK3KZ",
    "duration": 58,
    "revenue": 71,
    "cost": 37,
    "practitioner_id": 1
  },
  {
    "id": 72,
    "date": "3/10/2018",
    "client_name": "Trevar Samples",
    "appointment_type": "0PWL3JZ",
    "duration": 50,
    "revenue": 96,
    "cost": 23,
    "practitioner_id": 7
  },
  {
    "id": 73,
    "date": "1/11/2018",
    "client_name": "Leanora Offner",
    "appointment_type": "BF2C10Z",
    "duration": 50,
    "revenue": 76,
    "cost": 34,
    "practitioner_id": 3
  },
  {
    "id": 74,
    "date": "2/16/2018",
    "client_name": "Lombard Delves",
    "appointment_type": "0PCT4ZZ",
    "duration": 16,
    "revenue": 90,
    "cost": 30,
    "practitioner_id": 1
  },
  {
    "id": 75,
    "date": "6/9/2018",
    "client_name": "Elisa Anyon",
    "appointment_type": "0SPL05Z",
    "duration": 29,
    "revenue": 53,
    "cost": 31,
    "practitioner_id": 2
  },
  {
    "id": 76,
    "date": "2/28/2018",
    "client_name": "Reynard Pickover",
    "appointment_type": "0LB13ZX",
    "duration": 49,
    "revenue": 72,
    "cost": 11,
    "practitioner_id": 3
  },
  {
    "id": 77,
    "date": "5/15/2018",
    "client_name": "Vidovik Sarson",
    "appointment_type": "3E0G37Z",
    "duration": 34,
    "revenue": 54,
    "cost": 38,
    "practitioner_id": 9
  },
  {
    "id": 78,
    "date": "4/2/2018",
    "client_name": "Nolie Quirk",
    "appointment_type": "0UJD8ZZ",
    "duration": 24,
    "revenue": 89,
    "cost": 37,
    "practitioner_id": 7
  },
  {
    "id": 79,
    "date": "1/14/2018",
    "client_name": "Mireielle Mahy",
    "appointment_type": "0US9XZZ",
    "duration": 27,
    "revenue": 56,
    "cost": 39,
    "practitioner_id": 4
  },
  {
    "id": 80,
    "date": "3/24/2018",
    "client_name": "Jolie Toomey",
    "appointment_type": "0PWS4KZ",
    "duration": 26,
    "revenue": 83,
    "cost": 34,
    "practitioner_id": 10
  },
  {
    "id": 81,
    "date": "12/14/2017",
    "client_name": "Joey Nehlsen",
    "appointment_type": "BR18YZZ",
    "duration": 19,
    "revenue": 81,
    "cost": 11,
    "practitioner_id": 10
  },
  {
    "id": 82,
    "date": "3/20/2018",
    "client_name": "Claiborn Gepheart",
    "appointment_type": "04100ZH",
    "duration": 21,
    "revenue": 61,
    "cost": 29,
    "practitioner_id": 4
  },
  {
    "id": 83,
    "date": "3/3/2018",
    "client_name": "Vergil Bugden",
    "appointment_type": "02UJ38Z",
    "duration": 43,
    "revenue": 85,
    "cost": 23,
    "practitioner_id": 5
  },
  {
    "id": 84,
    "date": "1/28/2018",
    "client_name": "Holt Jerson",
    "appointment_type": "03UJ0KZ",
    "duration": 23,
    "revenue": 86,
    "cost": 33,
    "practitioner_id": 8
  },
  {
    "id": 85,
    "date": "7/12/2018",
    "client_name": "Giacobo Moxom",
    "appointment_type": "0RP947Z",
    "duration": 54,
    "revenue": 58,
    "cost": 36,
    "practitioner_id": 1
  },
  {
    "id": 86,
    "date": "10/29/2017",
    "client_name": "Freedman Saffrin",
    "appointment_type": "0CC60ZZ",
    "duration": 20,
    "revenue": 79,
    "cost": 23,
    "practitioner_id": 8
  },
  {
    "id": 87,
    "date": "1/5/2018",
    "client_name": "Brendin Skitch",
    "appointment_type": "0QRC3KZ",
    "duration": 11,
    "revenue": 55,
    "cost": 22,
    "practitioner_id": 6
  },
  {
    "id": 88,
    "date": "1/26/2018",
    "client_name": "Babara Durdy",
    "appointment_type": "0KNN0ZZ",
    "duration": 16,
    "revenue": 78,
    "cost": 22,
    "practitioner_id": 10
  },
  {
    "id": 89,
    "date": "3/1/2018",
    "client_name": "Tobye McCaw",
    "appointment_type": "0D9QX0Z",
    "duration": 19,
    "revenue": 61,
    "cost": 15,
    "practitioner_id": 3
  },
  {
    "id": 90,
    "date": "10/26/2017",
    "client_name": "Dodie De'Vere - Hunt",
    "appointment_type": "09RN8KZ",
    "duration": 30,
    "revenue": 75,
    "cost": 31,
    "practitioner_id": 6
  },
  {
    "id": 91,
    "date": "10/21/2017",
    "client_name": "Carlee Cornil",
    "appointment_type": "01U207Z",
    "duration": 53,
    "revenue": 72,
    "cost": 39,
    "practitioner_id": 9
  },
  {
    "id": 92,
    "date": "12/4/2017",
    "client_name": "Von Ableson",
    "appointment_type": "B22600Z",
    "duration": 34,
    "revenue": 79,
    "cost": 17,
    "practitioner_id": 3
  },
  {
    "id": 93,
    "date": "12/22/2017",
    "client_name": "Willow Corstorphine",
    "appointment_type": "0B987ZX",
    "duration": 18,
    "revenue": 90,
    "cost": 16,
    "practitioner_id": 1
  },
  {
    "id": 94,
    "date": "1/10/2018",
    "client_name": "Adel Boland",
    "appointment_type": "0PRT4JZ",
    "duration": 32,
    "revenue": 65,
    "cost": 31,
    "practitioner_id": 10
  },
  {
    "id": 95,
    "date": "6/10/2018",
    "client_name": "Jerrylee Dobey",
    "appointment_type": "0DWU37Z",
    "duration": 49,
    "revenue": 59,
    "cost": 19,
    "practitioner_id": 8
  },
  {
    "id": 96,
    "date": "4/8/2018",
    "client_name": "Wesley Byard",
    "appointment_type": "0PSJ0ZZ",
    "duration": 13,
    "revenue": 86,
    "cost": 19,
    "practitioner_id": 7
  },
  {
    "id": 97,
    "date": "6/30/2018",
    "client_name": "Julian Tracy",
    "appointment_type": "0QSL04Z",
    "duration": 42,
    "revenue": 92,
    "cost": 37,
    "practitioner_id": 9
  },
  {
    "id": 98,
    "date": "9/29/2017",
    "client_name": "Morry Cowle",
    "appointment_type": "03120J0",
    "duration": 12,
    "revenue": 86,
    "cost": 19,
    "practitioner_id": 6
  },
  {
    "id": 99,
    "date": "6/1/2018",
    "client_name": "Consolata Brazelton",
    "appointment_type": "04VL0CZ",
    "duration": 47,
    "revenue": 60,
    "cost": 24,
    "practitioner_id": 2
  },
  {
    "id": 100,
    "date": "6/18/2018",
    "client_name": "Maxy Latchmore",
    "appointment_type": "03RV0JZ",
    "duration": 40,
    "revenue": 95,
    "cost": 37,
    "practitioner_id": 6
  },
  {
    "id": 101,
    "date": "4/7/2018",
    "client_name": "Terrie Ivins",
    "appointment_type": "0GSM4ZZ",
    "duration": 48,
    "revenue": 74,
    "cost": 21,
    "practitioner_id": 9
  },
  {
    "id": 102,
    "date": "11/17/2017",
    "client_name": "Martelle Attride",
    "appointment_type": "09WH8KZ",
    "duration": 12,
    "revenue": 74,
    "cost": 21,
    "practitioner_id": 6
  },
  {
    "id": 103,
    "date": "6/1/2018",
    "client_name": "Arlene Mintoft",
    "appointment_type": "0L8P4ZZ",
    "duration": 39,
    "revenue": 81,
    "cost": 24,
    "practitioner_id": 9
  },
  {
    "id": 104,
    "date": "6/3/2018",
    "client_name": "Blythe Mees",
    "appointment_type": "0RG20J1",
    "duration": 14,
    "revenue": 59,
    "cost": 11,
    "practitioner_id": 6
  },
  {
    "id": 105,
    "date": "7/14/2018",
    "client_name": "Raquel Town",
    "appointment_type": "02734Z6",
    "duration": 44,
    "revenue": 90,
    "cost": 16,
    "practitioner_id": 7
  },
  {
    "id": 106,
    "date": "1/15/2018",
    "client_name": "Abbi Stickells",
    "appointment_type": "0RP033Z",
    "duration": 30,
    "revenue": 81,
    "cost": 40,
    "practitioner_id": 9
  },
  {
    "id": 107,
    "date": "9/10/2018",
    "client_name": "Micky Giddins",
    "appointment_type": "051L09Y",
    "duration": 12,
    "revenue": 85,
    "cost": 13,
    "practitioner_id": 3
  },
  {
    "id": 108,
    "date": "10/15/2017",
    "client_name": "Conrad D'Andrea",
    "appointment_type": "BR041ZZ",
    "duration": 37,
    "revenue": 91,
    "cost": 36,
    "practitioner_id": 8
  },
  {
    "id": 109,
    "date": "9/24/2017",
    "client_name": "Cassius Profit",
    "appointment_type": "0PSV35Z",
    "duration": 53,
    "revenue": 82,
    "cost": 24,
    "practitioner_id": 10
  },
  {
    "id": 110,
    "date": "12/27/2017",
    "client_name": "Galven Stocky",
    "appointment_type": "041H4AC",
    "duration": 29,
    "revenue": 70,
    "cost": 14,
    "practitioner_id": 8
  },
  {
    "id": 111,
    "date": "12/14/2017",
    "client_name": "Hilario Czajkowski",
    "appointment_type": "0BF20ZZ",
    "duration": 14,
    "revenue": 96,
    "cost": 36,
    "practitioner_id": 1
  },
  {
    "id": 112,
    "date": "10/23/2017",
    "client_name": "Rachel McCook",
    "appointment_type": "0PPYX0Z",
    "duration": 37,
    "revenue": 63,
    "cost": 31,
    "practitioner_id": 9
  },
  {
    "id": 113,
    "date": "3/6/2018",
    "client_name": "Teador Baden",
    "appointment_type": "0KML4ZZ",
    "duration": 28,
    "revenue": 69,
    "cost": 36,
    "practitioner_id": 6
  },
  {
    "id": 114,
    "date": "6/10/2018",
    "client_name": "Lee Couchman",
    "appointment_type": "0WWK3YZ",
    "duration": 49,
    "revenue": 58,
    "cost": 19,
    "practitioner_id": 6
  },
  {
    "id": 115,
    "date": "4/10/2018",
    "client_name": "Ralina Gabriel",
    "appointment_type": "03NL3ZZ",
    "duration": 47,
    "revenue": 96,
    "cost": 15,
    "practitioner_id": 3
  },
  {
    "id": 116,
    "date": "8/23/2018",
    "client_name": "Olin De Filippi",
    "appointment_type": "0SHC05Z",
    "duration": 19,
    "revenue": 88,
    "cost": 31,
    "practitioner_id": 1
  },
  {
    "id": 117,
    "date": "8/12/2018",
    "client_name": "Pamelina Schwartz",
    "appointment_type": "0RHF44Z",
    "duration": 54,
    "revenue": 77,
    "cost": 24,
    "practitioner_id": 4
  },
  {
    "id": 118,
    "date": "12/27/2017",
    "client_name": "Shandee Alvarez",
    "appointment_type": "03LN0BZ",
    "duration": 46,
    "revenue": 53,
    "cost": 27,
    "practitioner_id": 6
  },
  {
    "id": 119,
    "date": "8/7/2018",
    "client_name": "Urson Gottelier",
    "appointment_type": "0KTW4ZZ",
    "duration": 20,
    "revenue": 87,
    "cost": 40,
    "practitioner_id": 4
  },
  {
    "id": 120,
    "date": "12/14/2017",
    "client_name": "Rolando O'Collopy",
    "appointment_type": "DPY4FZZ",
    "duration": 12,
    "revenue": 80,
    "cost": 30,
    "practitioner_id": 10
  },
  {
    "id": 121,
    "date": "1/27/2018",
    "client_name": "Bevvy Yesenin",
    "appointment_type": "0RWP44Z",
    "duration": 23,
    "revenue": 65,
    "cost": 23,
    "practitioner_id": 10
  },
  {
    "id": 122,
    "date": "4/13/2018",
    "client_name": "Erhart Clout",
    "appointment_type": "0PW93JZ",
    "duration": 49,
    "revenue": 69,
    "cost": 19,
    "practitioner_id": 10
  },
  {
    "id": 123,
    "date": "11/14/2017",
    "client_name": "Janaye Traite",
    "appointment_type": "0LNT0ZZ",
    "duration": 20,
    "revenue": 65,
    "cost": 39,
    "practitioner_id": 3
  },
  {
    "id": 124,
    "date": "7/11/2018",
    "client_name": "Aldin Bolingbroke",
    "appointment_type": "0T980ZZ",
    "duration": 43,
    "revenue": 78,
    "cost": 18,
    "practitioner_id": 6
  },
  {
    "id": 125,
    "date": "1/15/2018",
    "client_name": "Jada Noel",
    "appointment_type": "0W9H40Z",
    "duration": 15,
    "revenue": 51,
    "cost": 34,
    "practitioner_id": 2
  },
  {
    "id": 126,
    "date": "6/12/2018",
    "client_name": "Marieann Swannick",
    "appointment_type": "DG10BYZ",
    "duration": 58,
    "revenue": 65,
    "cost": 17,
    "practitioner_id": 5
  },
  {
    "id": 127,
    "date": "8/11/2018",
    "client_name": "Marj Sharphouse",
    "appointment_type": "0FC63ZZ",
    "duration": 53,
    "revenue": 50,
    "cost": 19,
    "practitioner_id": 4
  },
  {
    "id": 128,
    "date": "9/25/2017",
    "client_name": "Julissa Neising",
    "appointment_type": "0SC74ZZ",
    "duration": 22,
    "revenue": 99,
    "cost": 33,
    "practitioner_id": 9
  },
  {
    "id": 129,
    "date": "11/9/2017",
    "client_name": "Tomlin Watmough",
    "appointment_type": "0Q8F0ZZ",
    "duration": 43,
    "revenue": 65,
    "cost": 32,
    "practitioner_id": 5
  },
  {
    "id": 130,
    "date": "5/20/2018",
    "client_name": "Wang Pesic",
    "appointment_type": "0KC24ZZ",
    "duration": 41,
    "revenue": 65,
    "cost": 33,
    "practitioner_id": 2
  },
  {
    "id": 131,
    "date": "8/14/2018",
    "client_name": "Ree Cheales",
    "appointment_type": "037P0D6",
    "duration": 60,
    "revenue": 68,
    "cost": 19,
    "practitioner_id": 3
  },
  {
    "id": 132,
    "date": "7/4/2018",
    "client_name": "Allys Crossthwaite",
    "appointment_type": "BB241ZZ",
    "duration": 57,
    "revenue": 60,
    "cost": 19,
    "practitioner_id": 3
  },
  {
    "id": 133,
    "date": "7/26/2018",
    "client_name": "Angelo Sifflett",
    "appointment_type": "06RN0KZ",
    "duration": 15,
    "revenue": 79,
    "cost": 11,
    "practitioner_id": 5
  },
  {
    "id": 134,
    "date": "8/3/2018",
    "client_name": "Zachary Schutte",
    "appointment_type": "025L3ZZ",
    "duration": 52,
    "revenue": 93,
    "cost": 39,
    "practitioner_id": 1
  },
  {
    "id": 135,
    "date": "10/10/2017",
    "client_name": "Antonella Dursley",
    "appointment_type": "3E00X29",
    "duration": 42,
    "revenue": 88,
    "cost": 25,
    "practitioner_id": 1
  },
  {
    "id": 136,
    "date": "12/28/2017",
    "client_name": "Tierney Barus",
    "appointment_type": "0PPS05Z",
    "duration": 29,
    "revenue": 95,
    "cost": 21,
    "practitioner_id": 8
  },
  {
    "id": 137,
    "date": "12/16/2017",
    "client_name": "Karlie McCague",
    "appointment_type": "04U447Z",
    "duration": 45,
    "revenue": 80,
    "cost": 34,
    "practitioner_id": 8
  },
  {
    "id": 138,
    "date": "7/14/2018",
    "client_name": "Ase Jaulmes",
    "appointment_type": "037007Z",
    "duration": 47,
    "revenue": 77,
    "cost": 37,
    "practitioner_id": 2
  },
  {
    "id": 139,
    "date": "9/24/2017",
    "client_name": "Wanda Moorfield",
    "appointment_type": "0UT58ZZ",
    "duration": 53,
    "revenue": 74,
    "cost": 18,
    "practitioner_id": 3
  },
  {
    "id": 140,
    "date": "2/16/2018",
    "client_name": "Debora Dilger",
    "appointment_type": "037R0ZZ",
    "duration": 43,
    "revenue": 90,
    "cost": 33,
    "practitioner_id": 6
  },
  {
    "id": 141,
    "date": "5/2/2018",
    "client_name": "Dalli de Najera",
    "appointment_type": "B50JYZZ",
    "duration": 40,
    "revenue": 73,
    "cost": 27,
    "practitioner_id": 4
  },
  {
    "id": 142,
    "date": "4/23/2018",
    "client_name": "Ingmar Reddell",
    "appointment_type": "0QUS4KZ",
    "duration": 59,
    "revenue": 58,
    "cost": 12,
    "practitioner_id": 6
  },
  {
    "id": 143,
    "date": "4/26/2018",
    "client_name": "Salomone Pietranek",
    "appointment_type": "0R5A0ZZ",
    "duration": 58,
    "revenue": 95,
    "cost": 36,
    "practitioner_id": 7
  },
  {
    "id": 144,
    "date": "1/6/2018",
    "client_name": "Lilly Stoffler",
    "appointment_type": "0YH60YZ",
    "duration": 43,
    "revenue": 51,
    "cost": 10,
    "practitioner_id": 4
  },
  {
    "id": 145,
    "date": "2/3/2018",
    "client_name": "Aeriell Trigg",
    "appointment_type": "2W5BX3Z",
    "duration": 15,
    "revenue": 63,
    "cost": 28,
    "practitioner_id": 1
  },
  {
    "id": 146,
    "date": "11/19/2017",
    "client_name": "Fancy Lillgard",
    "appointment_type": "0NQX3ZZ",
    "duration": 34,
    "revenue": 88,
    "cost": 28,
    "practitioner_id": 9
  },
  {
    "id": 147,
    "date": "11/14/2017",
    "client_name": "Nolana Hodgin",
    "appointment_type": "0SPQ0JZ",
    "duration": 32,
    "revenue": 94,
    "cost": 22,
    "practitioner_id": 2
  },
  {
    "id": 148,
    "date": "8/10/2018",
    "client_name": "Francisco MacMaykin",
    "appointment_type": "DPYB7ZZ",
    "duration": 60,
    "revenue": 60,
    "cost": 16,
    "practitioner_id": 1
  },
  {
    "id": 149,
    "date": "5/16/2018",
    "client_name": "Batholomew Edel",
    "appointment_type": "009A40Z",
    "duration": 10,
    "revenue": 72,
    "cost": 12,
    "practitioner_id": 4
  },
  {
    "id": 150,
    "date": "9/17/2018",
    "client_name": "Penn Mowsdill",
    "appointment_type": "0NSS35Z",
    "duration": 33,
    "revenue": 53,
    "cost": 38,
    "practitioner_id": 10
  },
  {
    "id": 151,
    "date": "8/2/2018",
    "client_name": "Tyrone Schule",
    "appointment_type": "B51WZZZ",
    "duration": 17,
    "revenue": 57,
    "cost": 22,
    "practitioner_id": 7
  },
  {
    "id": 152,
    "date": "5/1/2018",
    "client_name": "Felicle Borrington",
    "appointment_type": "09P700Z",
    "duration": 53,
    "revenue": 89,
    "cost": 15,
    "practitioner_id": 1
  },
  {
    "id": 153,
    "date": "9/15/2018",
    "client_name": "Carla Naulty",
    "appointment_type": "4A0ZX6Z",
    "duration": 35,
    "revenue": 99,
    "cost": 18,
    "practitioner_id": 8
  },
  {
    "id": 154,
    "date": "3/7/2018",
    "client_name": "Vic Whitlam",
    "appointment_type": "0BQ48ZZ",
    "duration": 29,
    "revenue": 79,
    "cost": 27,
    "practitioner_id": 10
  },
  {
    "id": 155,
    "date": "6/3/2018",
    "client_name": "Robinson Fennelow",
    "appointment_type": "0L9G40Z",
    "duration": 15,
    "revenue": 80,
    "cost": 29,
    "practitioner_id": 3
  },
  {
    "id": 156,
    "date": "5/24/2018",
    "client_name": "Jone Dailly",
    "appointment_type": "0RBD4ZZ",
    "duration": 56,
    "revenue": 57,
    "cost": 40,
    "practitioner_id": 1
  },
  {
    "id": 157,
    "date": "10/2/2017",
    "client_name": "Harlie Tricker",
    "appointment_type": "0FP44DZ",
    "duration": 41,
    "revenue": 75,
    "cost": 15,
    "practitioner_id": 7
  },
  {
    "id": 158,
    "date": "12/24/2017",
    "client_name": "Bernadene Doig",
    "appointment_type": "09PK8JZ",
    "duration": 24,
    "revenue": 100,
    "cost": 12,
    "practitioner_id": 9
  },
  {
    "id": 159,
    "date": "10/31/2017",
    "client_name": "Jammie Brounfield",
    "appointment_type": "0QHJ44Z",
    "duration": 34,
    "revenue": 83,
    "cost": 18,
    "practitioner_id": 9
  },
  {
    "id": 160,
    "date": "10/3/2017",
    "client_name": "Maritsa Pook",
    "appointment_type": "0K9P30Z",
    "duration": 22,
    "revenue": 98,
    "cost": 30,
    "practitioner_id": 8
  },
  {
    "id": 161,
    "date": "3/29/2018",
    "client_name": "Elisha Twinbrow",
    "appointment_type": "0PWM4KZ",
    "duration": 57,
    "revenue": 96,
    "cost": 22,
    "practitioner_id": 2
  },
  {
    "id": 162,
    "date": "3/30/2018",
    "client_name": "Marlena Kiebes",
    "appointment_type": "DUY0FZZ",
    "duration": 34,
    "revenue": 90,
    "cost": 24,
    "practitioner_id": 5
  },
  {
    "id": 163,
    "date": "1/4/2018",
    "client_name": "Hirsch Rawsen",
    "appointment_type": "059L0ZZ",
    "duration": 41,
    "revenue": 96,
    "cost": 40,
    "practitioner_id": 10
  },
  {
    "id": 164,
    "date": "10/26/2017",
    "client_name": "Emelita Brightie",
    "appointment_type": "0DHA42Z",
    "duration": 15,
    "revenue": 89,
    "cost": 38,
    "practitioner_id": 5
  },
  {
    "id": 165,
    "date": "4/2/2018",
    "client_name": "Farleigh Antoniou",
    "appointment_type": "B52LZ2Z",
    "duration": 45,
    "revenue": 68,
    "cost": 40,
    "practitioner_id": 5
  },
  {
    "id": 166,
    "date": "2/27/2018",
    "client_name": "Berny Kobierra",
    "appointment_type": "30263M1",
    "duration": 41,
    "revenue": 61,
    "cost": 40,
    "practitioner_id": 8
  },
  {
    "id": 167,
    "date": "4/12/2018",
    "client_name": "Vania Wettern",
    "appointment_type": "B226YZZ",
    "duration": 51,
    "revenue": 69,
    "cost": 10,
    "practitioner_id": 10
  },
  {
    "id": 168,
    "date": "6/15/2018",
    "client_name": "Vonnie Cyples",
    "appointment_type": "0SGP4KZ",
    "duration": 28,
    "revenue": 60,
    "cost": 33,
    "practitioner_id": 3
  },
  {
    "id": 169,
    "date": "11/16/2017",
    "client_name": "Anica McKeever",
    "appointment_type": "4A0B88Z",
    "duration": 28,
    "revenue": 83,
    "cost": 20,
    "practitioner_id": 3
  },
  {
    "id": 170,
    "date": "11/4/2017",
    "client_name": "Kendricks Ovesen",
    "appointment_type": "041L0ZL",
    "duration": 26,
    "revenue": 99,
    "cost": 19,
    "practitioner_id": 6
  },
  {
    "id": 171,
    "date": "8/19/2018",
    "client_name": "Shea Artus",
    "appointment_type": "2W59X1Z",
    "duration": 20,
    "revenue": 96,
    "cost": 22,
    "practitioner_id": 2
  },
  {
    "id": 172,
    "date": "3/1/2018",
    "client_name": "Sheryl Tavner",
    "appointment_type": "0NC84ZZ",
    "duration": 55,
    "revenue": 58,
    "cost": 11,
    "practitioner_id": 4
  },
  {
    "id": 173,
    "date": "7/17/2018",
    "client_name": "Mair Marflitt",
    "appointment_type": "0K9C0ZX",
    "duration": 55,
    "revenue": 76,
    "cost": 24,
    "practitioner_id": 7
  },
  {
    "id": 174,
    "date": "10/21/2017",
    "client_name": "Katherine Gosker",
    "appointment_type": "0MUP0KZ",
    "duration": 51,
    "revenue": 100,
    "cost": 27,
    "practitioner_id": 4
  },
  {
    "id": 175,
    "date": "8/18/2018",
    "client_name": "Rubia Belin",
    "appointment_type": "04104J5",
    "duration": 19,
    "revenue": 72,
    "cost": 36,
    "practitioner_id": 8
  },
  {
    "id": 176,
    "date": "3/10/2018",
    "client_name": "Jillana Milhench",
    "appointment_type": "0FV54DZ",
    "duration": 17,
    "revenue": 95,
    "cost": 11,
    "practitioner_id": 3
  },
  {
    "id": 177,
    "date": "9/27/2017",
    "client_name": "Yule Sargood",
    "appointment_type": "0PUD4JZ",
    "duration": 59,
    "revenue": 50,
    "cost": 31,
    "practitioner_id": 7
  },
  {
    "id": 178,
    "date": "3/30/2018",
    "client_name": "Jeremias Gyurko",
    "appointment_type": "0DV93ZZ",
    "duration": 21,
    "revenue": 50,
    "cost": 28,
    "practitioner_id": 4
  },
  {
    "id": 179,
    "date": "4/5/2018",
    "client_name": "Correy Lakeman",
    "appointment_type": "07V20CZ",
    "duration": 55,
    "revenue": 51,
    "cost": 12,
    "practitioner_id": 10
  },
  {
    "id": 180,
    "date": "4/19/2018",
    "client_name": "Roselin Jenking",
    "appointment_type": "B5140ZA",
    "duration": 50,
    "revenue": 69,
    "cost": 22,
    "practitioner_id": 10
  },
  {
    "id": 181,
    "date": "9/8/2018",
    "client_name": "Carlin Paddie",
    "appointment_type": "0PR44KZ",
    "duration": 39,
    "revenue": 68,
    "cost": 33,
    "practitioner_id": 10
  },
  {
    "id": 182,
    "date": "7/7/2018",
    "client_name": "Indira Vibert",
    "appointment_type": "015C0ZZ",
    "duration": 11,
    "revenue": 61,
    "cost": 26,
    "practitioner_id": 4
  },
  {
    "id": 183,
    "date": "12/10/2017",
    "client_name": "Rob McCann",
    "appointment_type": "0KB",
    "duration": 50,
    "revenue": 66,
    "cost": 24,
    "practitioner_id": 3
  },
  {
    "id": 184,
    "date": "4/2/2018",
    "client_name": "Stefano Lassen",
    "appointment_type": "0NR147Z",
    "duration": 16,
    "revenue": 52,
    "cost": 27,
    "practitioner_id": 8
  },
  {
    "id": 185,
    "date": "10/18/2017",
    "client_name": "Brita Sowle",
    "appointment_type": "0RWX3KZ",
    "duration": 59,
    "revenue": 75,
    "cost": 37,
    "practitioner_id": 10
  },
  {
    "id": 186,
    "date": "2/21/2018",
    "client_name": "Adorne Docherty",
    "appointment_type": "0NWWXJZ",
    "duration": 59,
    "revenue": 72,
    "cost": 15,
    "practitioner_id": 9
  },
  {
    "id": 187,
    "date": "10/2/2017",
    "client_name": "Abdul Bumpas",
    "appointment_type": "0B577ZZ",
    "duration": 18,
    "revenue": 80,
    "cost": 31,
    "practitioner_id": 8
  },
  {
    "id": 188,
    "date": "3/18/2018",
    "client_name": "Ame Hacaud",
    "appointment_type": "0PS8XZZ",
    "duration": 37,
    "revenue": 50,
    "cost": 40,
    "practitioner_id": 5
  },
  {
    "id": 189,
    "date": "9/12/2018",
    "client_name": "Berny Adrien",
    "appointment_type": "0KX60ZZ",
    "duration": 32,
    "revenue": 87,
    "cost": 40,
    "practitioner_id": 2
  },
  {
    "id": 190,
    "date": "12/20/2017",
    "client_name": "Carma Aylmore",
    "appointment_type": "00XQ0ZL",
    "duration": 50,
    "revenue": 67,
    "cost": 26,
    "practitioner_id": 3
  },
  {
    "id": 191,
    "date": "6/24/2018",
    "client_name": "Wren Newstead",
    "appointment_type": "0DLG0ZZ",
    "duration": 54,
    "revenue": 75,
    "cost": 23,
    "practitioner_id": 4
  },
  {
    "id": 192,
    "date": "7/7/2018",
    "client_name": "Bevvy Crockett",
    "appointment_type": "021V0KS",
    "duration": 35,
    "revenue": 79,
    "cost": 25,
    "practitioner_id": 7
  },
  {
    "id": 193,
    "date": "11/24/2017",
    "client_name": "Berne Faire",
    "appointment_type": "01DA3ZZ",
    "duration": 32,
    "revenue": 70,
    "cost": 18,
    "practitioner_id": 2
  },
  {
    "id": 194,
    "date": "10/22/2017",
    "client_name": "Ermin Guiu",
    "appointment_type": "0SRB07Z",
    "duration": 10,
    "revenue": 52,
    "cost": 35,
    "practitioner_id": 8
  },
  {
    "id": 195,
    "date": "9/13/2018",
    "client_name": "Gayla Rysom",
    "appointment_type": "0HRU3KZ",
    "duration": 46,
    "revenue": 82,
    "cost": 19,
    "practitioner_id": 2
  },
  {
    "id": 196,
    "date": "1/31/2018",
    "client_name": "Shay Linstead",
    "appointment_type": "0BB80ZX",
    "duration": 23,
    "revenue": 78,
    "cost": 19,
    "practitioner_id": 8
  },
  {
    "id": 197,
    "date": "12/5/2017",
    "client_name": "Ruddie MacDowal",
    "appointment_type": "0B9D8ZZ",
    "duration": 35,
    "revenue": 75,
    "cost": 11,
    "practitioner_id": 10
  },
  {
    "id": 198,
    "date": "10/24/2017",
    "client_name": "Auria Mourge",
    "appointment_type": "07LG0ZZ",
    "duration": 22,
    "revenue": 65,
    "cost": 27,
    "practitioner_id": 6
  },
  {
    "id": 199,
    "date": "10/7/2017",
    "client_name": "Yuma Besse",
    "appointment_type": "CP28YZZ",
    "duration": 58,
    "revenue": 94,
    "cost": 18,
    "practitioner_id": 7
  },
  {
    "id": 200,
    "date": "6/5/2018",
    "client_name": "Cassandra Pendergast",
    "appointment_type": "0LUF4JZ",
    "duration": 42,
    "revenue": 56,
    "cost": 11,
    "practitioner_id": 3
  },
  {
    "id": 201,
    "date": "10/7/2017",
    "client_name": "Rabi Bushen",
    "appointment_type": "DPY08ZZ",
    "duration": 54,
    "revenue": 50,
    "cost": 36,
    "practitioner_id": 2
  },
  {
    "id": 202,
    "date": "6/12/2018",
    "client_name": "Doralin McKew",
    "appointment_type": "0K564ZZ",
    "duration": 16,
    "revenue": 85,
    "cost": 14,
    "practitioner_id": 1
  },
  {
    "id": 203,
    "date": "4/18/2018",
    "client_name": "Catrina Giacobillo",
    "appointment_type": "0Y013JZ",
    "duration": 54,
    "revenue": 88,
    "cost": 39,
    "practitioner_id": 5
  },
  {
    "id": 204,
    "date": "3/15/2018",
    "client_name": "Josepha Drohane",
    "appointment_type": "08UM37Z",
    "duration": 30,
    "revenue": 51,
    "cost": 30,
    "practitioner_id": 10
  },
  {
    "id": 205,
    "date": "8/27/2018",
    "client_name": "Silvain Chesworth",
    "appointment_type": "05U507Z",
    "duration": 46,
    "revenue": 67,
    "cost": 10,
    "practitioner_id": 8
  },
  {
    "id": 206,
    "date": "8/28/2018",
    "client_name": "Hercules Corriea",
    "appointment_type": "0RJE4ZZ",
    "duration": 13,
    "revenue": 75,
    "cost": 18,
    "practitioner_id": 10
  },
  {
    "id": 207,
    "date": "2/8/2018",
    "client_name": "Ring Seabourne",
    "appointment_type": "0Y9K3ZX",
    "duration": 19,
    "revenue": 75,
    "cost": 23,
    "practitioner_id": 3
  },
  {
    "id": 208,
    "date": "10/2/2017",
    "client_name": "Chauncey Minshull",
    "appointment_type": "0N813ZZ",
    "duration": 32,
    "revenue": 85,
    "cost": 16,
    "practitioner_id": 2
  },
  {
    "id": 209,
    "date": "8/27/2018",
    "client_name": "Dominga Younge",
    "appointment_type": "F00ZKKZ",
    "duration": 52,
    "revenue": 60,
    "cost": 14,
    "practitioner_id": 3
  },
  {
    "id": 210,
    "date": "10/1/2017",
    "client_name": "Caresse Sallows",
    "appointment_type": "06540ZZ",
    "duration": 50,
    "revenue": 75,
    "cost": 30,
    "practitioner_id": 9
  },
  {
    "id": 211,
    "date": "3/23/2018",
    "client_name": "Lauretta Roja",
    "appointment_type": "0KQQ3ZZ",
    "duration": 58,
    "revenue": 65,
    "cost": 38,
    "practitioner_id": 8
  },
  {
    "id": 212,
    "date": "12/23/2017",
    "client_name": "Armin Woolbrook",
    "appointment_type": "01S93ZZ",
    "duration": 44,
    "revenue": 96,
    "cost": 13,
    "practitioner_id": 7
  },
  {
    "id": 213,
    "date": "4/20/2018",
    "client_name": "Nat Hetterich",
    "appointment_type": "02QF4ZZ",
    "duration": 35,
    "revenue": 78,
    "cost": 20,
    "practitioner_id": 5
  },
  {
    "id": 214,
    "date": "7/21/2018",
    "client_name": "Winslow Chavey",
    "appointment_type": "0NU24JZ",
    "duration": 26,
    "revenue": 62,
    "cost": 20,
    "practitioner_id": 5
  },
  {
    "id": 215,
    "date": "5/25/2018",
    "client_name": "Lissa Kydde",
    "appointment_type": "0SWQ4JZ",
    "duration": 46,
    "revenue": 62,
    "cost": 33,
    "practitioner_id": 8
  },
  {
    "id": 216,
    "date": "4/24/2018",
    "client_name": "Robb Halksworth",
    "appointment_type": "0RWV37Z",
    "duration": 49,
    "revenue": 67,
    "cost": 11,
    "practitioner_id": 8
  },
  {
    "id": 217,
    "date": "12/9/2017",
    "client_name": "Jeremy Tull",
    "appointment_type": "0BT24ZZ",
    "duration": 38,
    "revenue": 71,
    "cost": 19,
    "practitioner_id": 6
  },
  {
    "id": 218,
    "date": "1/29/2018",
    "client_name": "Ryann Godbald",
    "appointment_type": "0SJJXZZ",
    "duration": 56,
    "revenue": 53,
    "cost": 37,
    "practitioner_id": 10
  },
  {
    "id": 219,
    "date": "2/20/2018",
    "client_name": "Mab Birkenshaw",
    "appointment_type": "0B544ZZ",
    "duration": 38,
    "revenue": 60,
    "cost": 26,
    "practitioner_id": 3
  },
  {
    "id": 220,
    "date": "2/28/2018",
    "client_name": "Mechelle Szabo",
    "appointment_type": "DG10BBZ",
    "duration": 48,
    "revenue": 91,
    "cost": 36,
    "practitioner_id": 9
  },
  {
    "id": 221,
    "date": "3/12/2018",
    "client_name": "Silas Brydell",
    "appointment_type": "0MBS0ZZ",
    "duration": 30,
    "revenue": 96,
    "cost": 30,
    "practitioner_id": 6
  },
  {
    "id": 222,
    "date": "1/4/2018",
    "client_name": "Marya Kochlin",
    "appointment_type": "DU012ZZ",
    "duration": 31,
    "revenue": 74,
    "cost": 28,
    "practitioner_id": 10
  },
  {
    "id": 223,
    "date": "6/8/2018",
    "client_name": "Dinnie Kendall",
    "appointment_type": "0YQCXZZ",
    "duration": 33,
    "revenue": 50,
    "cost": 22,
    "practitioner_id": 10
  },
  {
    "id": 224,
    "date": "4/18/2018",
    "client_name": "Meaghan Kitcher",
    "appointment_type": "0SW830Z",
    "duration": 60,
    "revenue": 89,
    "cost": 22,
    "practitioner_id": 1
  },
  {
    "id": 225,
    "date": "9/27/2017",
    "client_name": "Pren Fogden",
    "appointment_type": "041E0JF",
    "duration": 34,
    "revenue": 96,
    "cost": 32,
    "practitioner_id": 6
  },
  {
    "id": 226,
    "date": "5/25/2018",
    "client_name": "Lon Simoneau",
    "appointment_type": "09WKXJZ",
    "duration": 22,
    "revenue": 65,
    "cost": 18,
    "practitioner_id": 10
  },
  {
    "id": 227,
    "date": "9/22/2018",
    "client_name": "Theo Lucia",
    "appointment_type": "03RB07Z",
    "duration": 40,
    "revenue": 69,
    "cost": 24,
    "practitioner_id": 5
  },
  {
    "id": 228,
    "date": "10/24/2017",
    "client_name": "Delcina Toolin",
    "appointment_type": "0DU20KZ",
    "duration": 15,
    "revenue": 92,
    "cost": 29,
    "practitioner_id": 3
  },
  {
    "id": 229,
    "date": "8/8/2018",
    "client_name": "Kennan Rashleigh",
    "appointment_type": "0W984ZX",
    "duration": 15,
    "revenue": 71,
    "cost": 20,
    "practitioner_id": 1
  },
  {
    "id": 230,
    "date": "10/24/2017",
    "client_name": "Glynis Christofol",
    "appointment_type": "0WFR0ZZ",
    "duration": 21,
    "revenue": 91,
    "cost": 35,
    "practitioner_id": 5
  },
  {
    "id": 231,
    "date": "11/30/2017",
    "client_name": "Kathleen Pottell",
    "appointment_type": "0PP44JZ",
    "duration": 21,
    "revenue": 98,
    "cost": 32,
    "practitioner_id": 9
  },
  {
    "id": 232,
    "date": "5/7/2018",
    "client_name": "Dene Tredger",
    "appointment_type": "3E0D73Z",
    "duration": 21,
    "revenue": 65,
    "cost": 33,
    "practitioner_id": 7
  },
  {
    "id": 233,
    "date": "6/11/2018",
    "client_name": "Maude Taylour",
    "appointment_type": "037R0F6",
    "duration": 58,
    "revenue": 86,
    "cost": 21,
    "practitioner_id": 9
  },
  {
    "id": 234,
    "date": "4/21/2018",
    "client_name": "Juliana Cloake",
    "appointment_type": "0BN27ZZ",
    "duration": 30,
    "revenue": 53,
    "cost": 16,
    "practitioner_id": 6
  },
  {
    "id": 235,
    "date": "12/8/2017",
    "client_name": "Deerdre Byard",
    "appointment_type": "D716B7Z",
    "duration": 52,
    "revenue": 83,
    "cost": 28,
    "practitioner_id": 6
  },
  {
    "id": 236,
    "date": "4/21/2018",
    "client_name": "Lily Abbay",
    "appointment_type": "041F0KG",
    "duration": 41,
    "revenue": 95,
    "cost": 32,
    "practitioner_id": 2
  },
  {
    "id": 237,
    "date": "9/1/2018",
    "client_name": "Armstrong Starkie",
    "appointment_type": "04HC0DZ",
    "duration": 22,
    "revenue": 98,
    "cost": 20,
    "practitioner_id": 5
  },
  {
    "id": 238,
    "date": "5/27/2018",
    "client_name": "Mario Ansley",
    "appointment_type": "03HB0DZ",
    "duration": 22,
    "revenue": 58,
    "cost": 25,
    "practitioner_id": 4
  },
  {
    "id": 239,
    "date": "2/15/2018",
    "client_name": "Fifine Maskrey",
    "appointment_type": "037P47Z",
    "duration": 24,
    "revenue": 52,
    "cost": 19,
    "practitioner_id": 5
  },
  {
    "id": 240,
    "date": "10/16/2017",
    "client_name": "Debby Scotcher",
    "appointment_type": "0KX74Z1",
    "duration": 56,
    "revenue": 58,
    "cost": 40,
    "practitioner_id": 1
  },
  {
    "id": 241,
    "date": "3/22/2018",
    "client_name": "Rebeka Hatchett",
    "appointment_type": "B2261ZZ",
    "duration": 36,
    "revenue": 80,
    "cost": 40,
    "practitioner_id": 9
  },
  {
    "id": 242,
    "date": "8/5/2018",
    "client_name": "Stephanie Melly",
    "appointment_type": "0RSN44Z",
    "duration": 37,
    "revenue": 50,
    "cost": 21,
    "practitioner_id": 9
  },
  {
    "id": 243,
    "date": "2/23/2018",
    "client_name": "Tobye Meech",
    "appointment_type": "037N06Z",
    "duration": 57,
    "revenue": 98,
    "cost": 24,
    "practitioner_id": 10
  },
  {
    "id": 244,
    "date": "6/8/2018",
    "client_name": "Natalya Cohane",
    "appointment_type": "018D0ZZ",
    "duration": 38,
    "revenue": 67,
    "cost": 27,
    "practitioner_id": 7
  },
  {
    "id": 245,
    "date": "10/6/2017",
    "client_name": "Sallee Brashier",
    "appointment_type": "041N49P",
    "duration": 58,
    "revenue": 63,
    "cost": 30,
    "practitioner_id": 3
  },
  {
    "id": 246,
    "date": "10/10/2017",
    "client_name": "Grazia Alexandersson",
    "appointment_type": "0QWF04Z",
    "duration": 53,
    "revenue": 89,
    "cost": 16,
    "practitioner_id": 7
  },
  {
    "id": 247,
    "date": "12/19/2017",
    "client_name": "Johnath Leband",
    "appointment_type": "07WN0KZ",
    "duration": 14,
    "revenue": 91,
    "cost": 33,
    "practitioner_id": 7
  },
  {
    "id": 248,
    "date": "12/26/2017",
    "client_name": "Prudi Raatz",
    "appointment_type": "059H4ZZ",
    "duration": 44,
    "revenue": 66,
    "cost": 36,
    "practitioner_id": 4
  },
  {
    "id": 249,
    "date": "10/4/2017",
    "client_name": "Caitrin Slinger",
    "appointment_type": "03UN07Z",
    "duration": 57,
    "revenue": 100,
    "cost": 13,
    "practitioner_id": 1
  },
  {
    "id": 250,
    "date": "2/7/2018",
    "client_name": "Lizbeth Pervoe",
    "appointment_type": "0F993ZZ",
    "duration": 40,
    "revenue": 72,
    "cost": 35,
    "practitioner_id": 7
  },
  {
    "id": 251,
    "date": "10/30/2017",
    "client_name": "Michal Shortcliffe",
    "appointment_type": "DG11B9Z",
    "duration": 40,
    "revenue": 72,
    "cost": 18,
    "practitioner_id": 2
  },
  {
    "id": 252,
    "date": "9/2/2018",
    "client_name": "Jerry Gueinn",
    "appointment_type": "041C4J4",
    "duration": 28,
    "revenue": 60,
    "cost": 38,
    "practitioner_id": 4
  },
  {
    "id": 253,
    "date": "2/24/2018",
    "client_name": "Donnamarie Goodredge",
    "appointment_type": "0MWX3KZ",
    "duration": 32,
    "revenue": 93,
    "cost": 36,
    "practitioner_id": 2
  },
  {
    "id": 254,
    "date": "12/17/2017",
    "client_name": "Jocko Klemke",
    "appointment_type": "0T1407D",
    "duration": 52,
    "revenue": 65,
    "cost": 34,
    "practitioner_id": 5
  },
  {
    "id": 255,
    "date": "7/24/2018",
    "client_name": "Alisun Pariss",
    "appointment_type": "037L46Z",
    "duration": 27,
    "revenue": 76,
    "cost": 31,
    "practitioner_id": 1
  },
  {
    "id": 256,
    "date": "4/4/2018",
    "client_name": "Boy Hearle",
    "appointment_type": "0J9H3ZX",
    "duration": 54,
    "revenue": 67,
    "cost": 36,
    "practitioner_id": 6
  },
  {
    "id": 257,
    "date": "3/7/2018",
    "client_name": "Masha Ennever",
    "appointment_type": "0JJWXZZ",
    "duration": 36,
    "revenue": 95,
    "cost": 38,
    "practitioner_id": 6
  },
  {
    "id": 258,
    "date": "10/31/2017",
    "client_name": "Yehudi Crann",
    "appointment_type": "30230S1",
    "duration": 53,
    "revenue": 80,
    "cost": 22,
    "practitioner_id": 7
  },
  {
    "id": 259,
    "date": "12/6/2017",
    "client_name": "Gwenora Swiffin",
    "appointment_type": "04RS07Z",
    "duration": 30,
    "revenue": 65,
    "cost": 25,
    "practitioner_id": 6
  },
  {
    "id": 260,
    "date": "3/22/2018",
    "client_name": "Aloise Doumerque",
    "appointment_type": "0NR14KZ",
    "duration": 27,
    "revenue": 64,
    "cost": 40,
    "practitioner_id": 3
  },
  {
    "id": 261,
    "date": "5/25/2018",
    "client_name": "Raviv Armin",
    "appointment_type": "0DC78ZZ",
    "duration": 38,
    "revenue": 96,
    "cost": 24,
    "practitioner_id": 4
  },
  {
    "id": 262,
    "date": "9/12/2018",
    "client_name": "Ruttger Tuckie",
    "appointment_type": "0L940ZZ",
    "duration": 50,
    "revenue": 60,
    "cost": 36,
    "practitioner_id": 3
  },
  {
    "id": 263,
    "date": "7/17/2018",
    "client_name": "Catlin Titford",
    "appointment_type": "0WPD40Z",
    "duration": 44,
    "revenue": 84,
    "cost": 10,
    "practitioner_id": 9
  },
  {
    "id": 264,
    "date": "4/10/2018",
    "client_name": "Aube Ruppel",
    "appointment_type": "041C0Z8",
    "duration": 42,
    "revenue": 64,
    "cost": 20,
    "practitioner_id": 4
  },
  {
    "id": 265,
    "date": "6/8/2018",
    "client_name": "Bernadette Roby",
    "appointment_type": "0NRF47Z",
    "duration": 33,
    "revenue": 95,
    "cost": 18,
    "practitioner_id": 9
  },
  {
    "id": 266,
    "date": "12/25/2017",
    "client_name": "Elicia Pauluzzi",
    "appointment_type": "0CUS7KZ",
    "duration": 40,
    "revenue": 96,
    "cost": 40,
    "practitioner_id": 10
  },
  {
    "id": 267,
    "date": "12/30/2017",
    "client_name": "Birdie Tirkin",
    "appointment_type": "041L4JM",
    "duration": 48,
    "revenue": 61,
    "cost": 11,
    "practitioner_id": 9
  },
  {
    "id": 268,
    "date": "8/24/2018",
    "client_name": "Romonda Sheekey",
    "appointment_type": "025V0ZZ",
    "duration": 52,
    "revenue": 70,
    "cost": 19,
    "practitioner_id": 10
  },
  {
    "id": 269,
    "date": "11/9/2017",
    "client_name": "Angeli Pettie",
    "appointment_type": "0RSRX5Z",
    "duration": 21,
    "revenue": 67,
    "cost": 36,
    "practitioner_id": 3
  },
  {
    "id": 270,
    "date": "5/3/2018",
    "client_name": "Andrey Kryszkiecicz",
    "appointment_type": "0RPC44Z",
    "duration": 14,
    "revenue": 59,
    "cost": 35,
    "practitioner_id": 8
  },
  {
    "id": 271,
    "date": "9/13/2018",
    "client_name": "Barron Creaser",
    "appointment_type": "041E0AH",
    "duration": 11,
    "revenue": 72,
    "cost": 27,
    "practitioner_id": 7
  },
  {
    "id": 272,
    "date": "4/22/2018",
    "client_name": "Aveline Garms",
    "appointment_type": "0RWH0KZ",
    "duration": 52,
    "revenue": 52,
    "cost": 10,
    "practitioner_id": 4
  },
  {
    "id": 273,
    "date": "4/3/2018",
    "client_name": "Winthrop Stainfield",
    "appointment_type": "10Q08YJ",
    "duration": 46,
    "revenue": 95,
    "cost": 24,
    "practitioner_id": 1
  },
  {
    "id": 274,
    "date": "4/21/2018",
    "client_name": "Anatola Ludron",
    "appointment_type": "0C9QXZZ",
    "duration": 40,
    "revenue": 59,
    "cost": 15,
    "practitioner_id": 9
  },
  {
    "id": 275,
    "date": "10/29/2017",
    "client_name": "Joann Del Checolo",
    "appointment_type": "0DPW3JZ",
    "duration": 34,
    "revenue": 75,
    "cost": 13,
    "practitioner_id": 6
  },
  {
    "id": 276,
    "date": "11/29/2017",
    "client_name": "Nani Judkin",
    "appointment_type": "B3001ZZ",
    "duration": 30,
    "revenue": 61,
    "cost": 11,
    "practitioner_id": 8
  },
  {
    "id": 277,
    "date": "11/26/2017",
    "client_name": "Devinne Hanrott",
    "appointment_type": "2W0BX1Z",
    "duration": 56,
    "revenue": 70,
    "cost": 38,
    "practitioner_id": 9
  },
  {
    "id": 278,
    "date": "3/28/2018",
    "client_name": "Cynthy Lapree",
    "appointment_type": "037H3D6",
    "duration": 16,
    "revenue": 91,
    "cost": 25,
    "practitioner_id": 2
  },
  {
    "id": 279,
    "date": "4/26/2018",
    "client_name": "Justen Clayfield",
    "appointment_type": "0FM84ZZ",
    "duration": 29,
    "revenue": 65,
    "cost": 16,
    "practitioner_id": 6
  },
  {
    "id": 280,
    "date": "10/16/2017",
    "client_name": "Terry Hamal",
    "appointment_type": "02HX4DZ",
    "duration": 13,
    "revenue": 61,
    "cost": 15,
    "practitioner_id": 9
  },
  {
    "id": 281,
    "date": "2/15/2018",
    "client_name": "Yasmeen Kiehl",
    "appointment_type": "0SG94JZ",
    "duration": 33,
    "revenue": 72,
    "cost": 18,
    "practitioner_id": 10
  },
  {
    "id": 282,
    "date": "3/26/2018",
    "client_name": "Alida Sabban",
    "appointment_type": "0V954ZZ",
    "duration": 32,
    "revenue": 75,
    "cost": 10,
    "practitioner_id": 6
  },
  {
    "id": 283,
    "date": "2/19/2018",
    "client_name": "Vere Fishly",
    "appointment_type": "051C47Y",
    "duration": 19,
    "revenue": 74,
    "cost": 17,
    "practitioner_id": 8
  },
  {
    "id": 284,
    "date": "11/4/2017",
    "client_name": "Zoe Monkhouse",
    "appointment_type": "0D1A47P",
    "duration": 28,
    "revenue": 71,
    "cost": 31,
    "practitioner_id": 7
  },
  {
    "id": 285,
    "date": "12/11/2017",
    "client_name": "Clementine Anselmi",
    "appointment_type": "F08Z3ZZ",
    "duration": 42,
    "revenue": 99,
    "cost": 14,
    "practitioner_id": 4
  },
  {
    "id": 286,
    "date": "1/13/2018",
    "client_name": "Ruperta Bulbrook",
    "appointment_type": "0SGP4ZZ",
    "duration": 43,
    "revenue": 85,
    "cost": 17,
    "practitioner_id": 4
  },
  {
    "id": 287,
    "date": "8/3/2018",
    "client_name": "Kathie Petrecz",
    "appointment_type": "D926DZZ",
    "duration": 38,
    "revenue": 91,
    "cost": 34,
    "practitioner_id": 10
  },
  {
    "id": 288,
    "date": "6/3/2018",
    "client_name": "Norean Toovey",
    "appointment_type": "0YP937Z",
    "duration": 47,
    "revenue": 69,
    "cost": 13,
    "practitioner_id": 3
  },
  {
    "id": 289,
    "date": "9/26/2017",
    "client_name": "Ferdy Goldsberry",
    "appointment_type": "02U64KZ",
    "duration": 45,
    "revenue": 92,
    "cost": 17,
    "practitioner_id": 2
  },
  {
    "id": 290,
    "date": "11/24/2017",
    "client_name": "Anica O'Doogan",
    "appointment_type": "05NN4ZZ",
    "duration": 59,
    "revenue": 74,
    "cost": 16,
    "practitioner_id": 6
  },
  {
    "id": 291,
    "date": "10/29/2017",
    "client_name": "Wally Eagles",
    "appointment_type": "01C24ZZ",
    "duration": 34,
    "revenue": 97,
    "cost": 32,
    "practitioner_id": 1
  },
  {
    "id": 292,
    "date": "2/5/2018",
    "client_name": "Lilith Peyzer",
    "appointment_type": "0D7G0DZ",
    "duration": 27,
    "revenue": 71,
    "cost": 18,
    "practitioner_id": 5
  },
  {
    "id": 293,
    "date": "4/17/2018",
    "client_name": "Nelson Fitzer",
    "appointment_type": "D9094ZZ",
    "duration": 32,
    "revenue": 95,
    "cost": 34,
    "practitioner_id": 7
  },
  {
    "id": 294,
    "date": "4/26/2018",
    "client_name": "Lisette Fishbourn",
    "appointment_type": "0RSP3ZZ",
    "duration": 59,
    "revenue": 69,
    "cost": 13,
    "practitioner_id": 4
  },
  {
    "id": 295,
    "date": "4/22/2018",
    "client_name": "Beauregard Mould",
    "appointment_type": "06LF3ZZ",
    "duration": 22,
    "revenue": 74,
    "cost": 13,
    "practitioner_id": 3
  },
  {
    "id": 296,
    "date": "6/12/2018",
    "client_name": "Nat Birchenough",
    "appointment_type": "0D168ZB",
    "duration": 38,
    "revenue": 87,
    "cost": 26,
    "practitioner_id": 5
  },
  {
    "id": 297,
    "date": "1/25/2018",
    "client_name": "Dedra Franzel",
    "appointment_type": "0CR5XKZ",
    "duration": 24,
    "revenue": 70,
    "cost": 40,
    "practitioner_id": 10
  },
  {
    "id": 298,
    "date": "7/31/2018",
    "client_name": "Junina Letty",
    "appointment_type": "09U207Z",
    "duration": 59,
    "revenue": 94,
    "cost": 19,
    "practitioner_id": 9
  },
  {
    "id": 299,
    "date": "11/22/2017",
    "client_name": "Cord Castanone",
    "appointment_type": "2W5NX5Z",
    "duration": 12,
    "revenue": 88,
    "cost": 30,
    "practitioner_id": 6
  },
  {
    "id": 300,
    "date": "4/3/2018",
    "client_name": "Doris Stoven",
    "appointment_type": "061M49Y",
    "duration": 24,
    "revenue": 86,
    "cost": 19,
    "practitioner_id": 10
  },
  {
    "id": 301,
    "date": "5/28/2018",
    "client_name": "Putnam Weymouth",
    "appointment_type": "02RD48Z",
    "duration": 28,
    "revenue": 64,
    "cost": 14,
    "practitioner_id": 6
  },
  {
    "id": 302,
    "date": "5/15/2018",
    "client_name": "Tony Baldacchino",
    "appointment_type": "0LUF07Z",
    "duration": 59,
    "revenue": 71,
    "cost": 18,
    "practitioner_id": 3
  },
  {
    "id": 303,
    "date": "2/4/2018",
    "client_name": "Dru Shorrock",
    "appointment_type": "0L8T3ZZ",
    "duration": 39,
    "revenue": 61,
    "cost": 11,
    "practitioner_id": 10
  },
  {
    "id": 304,
    "date": "1/17/2018",
    "client_name": "Sybila Coldrick",
    "appointment_type": "0NHB4MZ",
    "duration": 52,
    "revenue": 81,
    "cost": 18,
    "practitioner_id": 9
  },
  {
    "id": 305,
    "date": "3/29/2018",
    "client_name": "Mayer Doughty",
    "appointment_type": "0WW94JZ",
    "duration": 27,
    "revenue": 51,
    "cost": 27,
    "practitioner_id": 8
  },
  {
    "id": 306,
    "date": "10/5/2017",
    "client_name": "Boony Geaveny",
    "appointment_type": "037647Z",
    "duration": 38,
    "revenue": 91,
    "cost": 37,
    "practitioner_id": 1
  },
  {
    "id": 307,
    "date": "3/17/2018",
    "client_name": "Marieann Poskitt",
    "appointment_type": "BN05ZZZ",
    "duration": 59,
    "revenue": 65,
    "cost": 15,
    "practitioner_id": 8
  },
  {
    "id": 308,
    "date": "12/31/2017",
    "client_name": "Agustin Insole",
    "appointment_type": "05LB3ZZ",
    "duration": 31,
    "revenue": 82,
    "cost": 19,
    "practitioner_id": 3
  },
  {
    "id": 309,
    "date": "1/6/2018",
    "client_name": "Silvie Rowett",
    "appointment_type": "0LWXXJZ",
    "duration": 51,
    "revenue": 71,
    "cost": 14,
    "practitioner_id": 2
  },
  {
    "id": 310,
    "date": "12/29/2017",
    "client_name": "Gardiner Benterman",
    "appointment_type": "07VJ4DZ",
    "duration": 29,
    "revenue": 53,
    "cost": 14,
    "practitioner_id": 10
  },
  {
    "id": 311,
    "date": "4/27/2018",
    "client_name": "Adan Gronaller",
    "appointment_type": "10Q04YG",
    "duration": 54,
    "revenue": 73,
    "cost": 17,
    "practitioner_id": 9
  },
  {
    "id": 312,
    "date": "11/15/2017",
    "client_name": "Kippy Longea",
    "appointment_type": "0FUC37Z",
    "duration": 40,
    "revenue": 87,
    "cost": 18,
    "practitioner_id": 2
  },
  {
    "id": 313,
    "date": "1/23/2018",
    "client_name": "Byrle Burdass",
    "appointment_type": "0VWDXJZ",
    "duration": 28,
    "revenue": 72,
    "cost": 25,
    "practitioner_id": 3
  },
  {
    "id": 314,
    "date": "7/3/2018",
    "client_name": "Ches Lindley",
    "appointment_type": "0QBQ4ZZ",
    "duration": 50,
    "revenue": 63,
    "cost": 28,
    "practitioner_id": 2
  },
  {
    "id": 315,
    "date": "1/15/2018",
    "client_name": "Sharia Roskruge",
    "appointment_type": "0DB14ZZ",
    "duration": 18,
    "revenue": 51,
    "cost": 33,
    "practitioner_id": 3
  },
  {
    "id": 316,
    "date": "8/22/2018",
    "client_name": "Starlin Rutherford",
    "appointment_type": "0NP0X4Z",
    "duration": 60,
    "revenue": 75,
    "cost": 12,
    "practitioner_id": 1
  },
  {
    "id": 317,
    "date": "11/1/2017",
    "client_name": "Nikki Bang",
    "appointment_type": "0GB74ZX",
    "duration": 47,
    "revenue": 75,
    "cost": 31,
    "practitioner_id": 6
  },
  {
    "id": 318,
    "date": "4/22/2018",
    "client_name": "Waylin Rosekilly",
    "appointment_type": "0T180KB",
    "duration": 39,
    "revenue": 85,
    "cost": 25,
    "practitioner_id": 9
  },
  {
    "id": 319,
    "date": "12/14/2017",
    "client_name": "Demetria Acott",
    "appointment_type": "10S0XZZ",
    "duration": 47,
    "revenue": 62,
    "cost": 16,
    "practitioner_id": 6
  },
  {
    "id": 320,
    "date": "10/31/2017",
    "client_name": "Laverne Lucian",
    "appointment_type": "0JXM0ZB",
    "duration": 56,
    "revenue": 51,
    "cost": 10,
    "practitioner_id": 5
  },
  {
    "id": 321,
    "date": "12/30/2017",
    "client_name": "Park Giraudo",
    "appointment_type": "03WY4CZ",
    "duration": 60,
    "revenue": 50,
    "cost": 10,
    "practitioner_id": 5
  },
  {
    "id": 322,
    "date": "1/14/2018",
    "client_name": "Coral Sallinger",
    "appointment_type": "BV4BZZZ",
    "duration": 57,
    "revenue": 73,
    "cost": 13,
    "practitioner_id": 4
  },
  {
    "id": 323,
    "date": "2/22/2018",
    "client_name": "Giffer Hulcoop",
    "appointment_type": "025T0ZZ",
    "duration": 26,
    "revenue": 79,
    "cost": 10,
    "practitioner_id": 4
  },
  {
    "id": 324,
    "date": "4/17/2018",
    "client_name": "Vinson Woodstock",
    "appointment_type": "04R64KZ",
    "duration": 20,
    "revenue": 68,
    "cost": 27,
    "practitioner_id": 9
  },
  {
    "id": 325,
    "date": "10/9/2017",
    "client_name": "Wileen Dumbar",
    "appointment_type": "03H24DZ",
    "duration": 50,
    "revenue": 82,
    "cost": 14,
    "practitioner_id": 10
  },
  {
    "id": 326,
    "date": "10/17/2017",
    "client_name": "Florance Dood",
    "appointment_type": "B32SZ2Z",
    "duration": 46,
    "revenue": 84,
    "cost": 18,
    "practitioner_id": 8
  },
  {
    "id": 327,
    "date": "12/27/2017",
    "client_name": "Brennan Blumfield",
    "appointment_type": "07U40JZ",
    "duration": 54,
    "revenue": 83,
    "cost": 15,
    "practitioner_id": 7
  },
  {
    "id": 328,
    "date": "8/10/2018",
    "client_name": "Diannne Reilinger",
    "appointment_type": "0BBC7ZX",
    "duration": 21,
    "revenue": 77,
    "cost": 29,
    "practitioner_id": 6
  },
  {
    "id": 329,
    "date": "9/4/2018",
    "client_name": "Armstrong Tysack",
    "appointment_type": "BP48ZZ1",
    "duration": 15,
    "revenue": 76,
    "cost": 34,
    "practitioner_id": 2
  },
  {
    "id": 330,
    "date": "5/27/2018",
    "client_name": "Cherilynn Carlisso",
    "appointment_type": "0KB40ZX",
    "duration": 14,
    "revenue": 88,
    "cost": 33,
    "practitioner_id": 9
  },
  {
    "id": 331,
    "date": "9/29/2017",
    "client_name": "Jarrod Dunnaway",
    "appointment_type": "095T4ZZ",
    "duration": 33,
    "revenue": 76,
    "cost": 33,
    "practitioner_id": 4
  },
  {
    "id": 332,
    "date": "12/22/2017",
    "client_name": "Annecorinne Kinforth",
    "appointment_type": "06SJ4ZZ",
    "duration": 19,
    "revenue": 94,
    "cost": 26,
    "practitioner_id": 5
  },
  {
    "id": 333,
    "date": "8/13/2018",
    "client_name": "Phyllis Kardos-Stowe",
    "appointment_type": "0WPK41Z",
    "duration": 52,
    "revenue": 99,
    "cost": 24,
    "practitioner_id": 5
  },
  {
    "id": 334,
    "date": "9/16/2018",
    "client_name": "Eada Galfour",
    "appointment_type": "05UR0KZ",
    "duration": 49,
    "revenue": 65,
    "cost": 16,
    "practitioner_id": 2
  },
  {
    "id": 335,
    "date": "3/18/2018",
    "client_name": "Maud Brickwood",
    "appointment_type": "02UJ4KG",
    "duration": 26,
    "revenue": 78,
    "cost": 24,
    "practitioner_id": 4
  },
  {
    "id": 336,
    "date": "12/2/2017",
    "client_name": "Stacy Dewick",
    "appointment_type": "0PQS3ZZ",
    "duration": 24,
    "revenue": 65,
    "cost": 28,
    "practitioner_id": 6
  },
  {
    "id": 337,
    "date": "1/2/2018",
    "client_name": "Luise Laimable",
    "appointment_type": "0PB50ZX",
    "duration": 29,
    "revenue": 85,
    "cost": 16,
    "practitioner_id": 3
  },
  {
    "id": 338,
    "date": "11/13/2017",
    "client_name": "Andres Basnett",
    "appointment_type": "CF14YZZ",
    "duration": 59,
    "revenue": 67,
    "cost": 15,
    "practitioner_id": 5
  },
  {
    "id": 339,
    "date": "11/28/2017",
    "client_name": "Allister Bendall",
    "appointment_type": "0JRC07Z",
    "duration": 36,
    "revenue": 93,
    "cost": 19,
    "practitioner_id": 7
  },
  {
    "id": 340,
    "date": "5/5/2018",
    "client_name": "Morris Load",
    "appointment_type": "0PP84JZ",
    "duration": 14,
    "revenue": 65,
    "cost": 14,
    "practitioner_id": 8
  },
  {
    "id": 341,
    "date": "5/23/2018",
    "client_name": "Shandra Goodhand",
    "appointment_type": "08WL30Z",
    "duration": 48,
    "revenue": 91,
    "cost": 40,
    "practitioner_id": 3
  },
  {
    "id": 342,
    "date": "7/26/2018",
    "client_name": "Troy Janousek",
    "appointment_type": "0BBL3ZX",
    "duration": 10,
    "revenue": 71,
    "cost": 29,
    "practitioner_id": 8
  },
  {
    "id": 343,
    "date": "8/16/2018",
    "client_name": "Burnard Kale",
    "appointment_type": "0B21X0Z",
    "duration": 19,
    "revenue": 72,
    "cost": 32,
    "practitioner_id": 7
  },
  {
    "id": 344,
    "date": "8/10/2018",
    "client_name": "Stephannie Jakeman",
    "appointment_type": "03120A7",
    "duration": 18,
    "revenue": 68,
    "cost": 10,
    "practitioner_id": 10
  },
  {
    "id": 345,
    "date": "11/29/2017",
    "client_name": "Desiree Lehrle",
    "appointment_type": "BB12ZZZ",
    "duration": 18,
    "revenue": 60,
    "cost": 39,
    "practitioner_id": 3
  },
  {
    "id": 346,
    "date": "2/11/2018",
    "client_name": "Hugh Moyler",
    "appointment_type": "BQ0HYZZ",
    "duration": 12,
    "revenue": 63,
    "cost": 30,
    "practitioner_id": 10
  },
  {
    "id": 347,
    "date": "4/4/2018",
    "client_name": "Duffie Rudsdell",
    "appointment_type": "0DN34ZZ",
    "duration": 45,
    "revenue": 55,
    "cost": 12,
    "practitioner_id": 1
  },
  {
    "id": 348,
    "date": "12/21/2017",
    "client_name": "Teirtza Bonnier",
    "appointment_type": "04UE3KZ",
    "duration": 40,
    "revenue": 75,
    "cost": 11,
    "practitioner_id": 3
  },
  {
    "id": 349,
    "date": "11/8/2017",
    "client_name": "Leo Newdick",
    "appointment_type": "00B64ZX",
    "duration": 35,
    "revenue": 51,
    "cost": 27,
    "practitioner_id": 3
  },
  {
    "id": 350,
    "date": "3/31/2018",
    "client_name": "Jefferson Gouldbourn",
    "appointment_type": "0CQPXZZ",
    "duration": 42,
    "revenue": 90,
    "cost": 21,
    "practitioner_id": 7
  },
  {
    "id": 351,
    "date": "3/22/2018",
    "client_name": "Kerwin Hars",
    "appointment_type": "0BW17DZ",
    "duration": 39,
    "revenue": 77,
    "cost": 10,
    "practitioner_id": 8
  },
  {
    "id": 352,
    "date": "7/21/2018",
    "client_name": "Wilbur Lodeke",
    "appointment_type": "DT23HZZ",
    "duration": 39,
    "revenue": 88,
    "cost": 22,
    "practitioner_id": 7
  },
  {
    "id": 353,
    "date": "5/16/2018",
    "client_name": "Emmi Mulcaster",
    "appointment_type": "047P3ZZ",
    "duration": 56,
    "revenue": 93,
    "cost": 33,
    "practitioner_id": 7
  },
  {
    "id": 354,
    "date": "3/11/2018",
    "client_name": "Kathi Summerley",
    "appointment_type": "080P3JZ",
    "duration": 39,
    "revenue": 82,
    "cost": 11,
    "practitioner_id": 7
  },
  {
    "id": 355,
    "date": "8/16/2018",
    "client_name": "Quinn Yashin",
    "appointment_type": "09PK8JZ",
    "duration": 10,
    "revenue": 75,
    "cost": 19,
    "practitioner_id": 4
  },
  {
    "id": 356,
    "date": "4/1/2018",
    "client_name": "Gray Martschke",
    "appointment_type": "0SGH07Z",
    "duration": 48,
    "revenue": 90,
    "cost": 23,
    "practitioner_id": 8
  },
  {
    "id": 357,
    "date": "5/1/2018",
    "client_name": "Iago Heinke",
    "appointment_type": "0QH74DZ",
    "duration": 34,
    "revenue": 87,
    "cost": 15,
    "practitioner_id": 5
  },
  {
    "id": 358,
    "date": "12/16/2017",
    "client_name": "Arvy Records",
    "appointment_type": "C71M1ZZ",
    "duration": 32,
    "revenue": 76,
    "cost": 12,
    "practitioner_id": 4
  },
  {
    "id": 359,
    "date": "4/14/2018",
    "client_name": "Marin De Castri",
    "appointment_type": "04RR0KZ",
    "duration": 36,
    "revenue": 66,
    "cost": 13,
    "practitioner_id": 2
  },
  {
    "id": 360,
    "date": "11/4/2017",
    "client_name": "Margaux Getty",
    "appointment_type": "0RB",
    "duration": 54,
    "revenue": 50,
    "cost": 32,
    "practitioner_id": 5
  },
  {
    "id": 361,
    "date": "3/1/2018",
    "client_name": "Sandie Pree",
    "appointment_type": "0XQW3ZZ",
    "duration": 15,
    "revenue": 99,
    "cost": 27,
    "practitioner_id": 2
  },
  {
    "id": 362,
    "date": "4/13/2018",
    "client_name": "Christye Pym",
    "appointment_type": "0DHA3DZ",
    "duration": 36,
    "revenue": 80,
    "cost": 36,
    "practitioner_id": 9
  },
  {
    "id": 363,
    "date": "5/27/2018",
    "client_name": "Sutherland Spuffard",
    "appointment_type": "0H9U7ZX",
    "duration": 18,
    "revenue": 98,
    "cost": 20,
    "practitioner_id": 3
  },
  {
    "id": 364,
    "date": "2/19/2018",
    "client_name": "Olivie Hunsworth",
    "appointment_type": "0SP300Z",
    "duration": 29,
    "revenue": 55,
    "cost": 38,
    "practitioner_id": 9
  },
  {
    "id": 365,
    "date": "7/31/2018",
    "client_name": "Lizette Morris",
    "appointment_type": "0QUG3KZ",
    "duration": 10,
    "revenue": 70,
    "cost": 13,
    "practitioner_id": 9
  },
  {
    "id": 366,
    "date": "7/7/2018",
    "client_name": "Igor Zanassi",
    "appointment_type": "F15Z4ZZ",
    "duration": 49,
    "revenue": 60,
    "cost": 34,
    "practitioner_id": 9
  },
  {
    "id": 367,
    "date": "12/18/2017",
    "client_name": "Christabella O'Growgane",
    "appointment_type": "06LB4CZ",
    "duration": 13,
    "revenue": 70,
    "cost": 24,
    "practitioner_id": 7
  },
  {
    "id": 368,
    "date": "11/16/2017",
    "client_name": "Daniella Noseworthy",
    "appointment_type": "0PPG3JZ",
    "duration": 57,
    "revenue": 82,
    "cost": 37,
    "practitioner_id": 8
  },
  {
    "id": 369,
    "date": "3/16/2018",
    "client_name": "Jerrylee Rothchild",
    "appointment_type": "041M0ZQ",
    "duration": 21,
    "revenue": 56,
    "cost": 23,
    "practitioner_id": 1
  },
  {
    "id": 370,
    "date": "9/7/2018",
    "client_name": "Edee Giacomucci",
    "appointment_type": "0SPK43Z",
    "duration": 56,
    "revenue": 69,
    "cost": 11,
    "practitioner_id": 7
  },
  {
    "id": 371,
    "date": "3/9/2018",
    "client_name": "Haven Ditts",
    "appointment_type": "0RRH0KZ",
    "duration": 26,
    "revenue": 74,
    "cost": 36,
    "practitioner_id": 9
  },
  {
    "id": 372,
    "date": "8/12/2018",
    "client_name": "Collette Buttrum",
    "appointment_type": "02733F6",
    "duration": 25,
    "revenue": 50,
    "cost": 29,
    "practitioner_id": 6
  },
  {
    "id": 373,
    "date": "10/31/2017",
    "client_name": "Conni McCahey",
    "appointment_type": "0QQR3ZZ",
    "duration": 26,
    "revenue": 70,
    "cost": 13,
    "practitioner_id": 3
  },
  {
    "id": 374,
    "date": "6/19/2018",
    "client_name": "Benjy Deavall",
    "appointment_type": "04QR3ZZ",
    "duration": 40,
    "revenue": 95,
    "cost": 26,
    "practitioner_id": 6
  },
  {
    "id": 375,
    "date": "1/16/2018",
    "client_name": "Liz Stidever",
    "appointment_type": "06150JY",
    "duration": 57,
    "revenue": 95,
    "cost": 39,
    "practitioner_id": 2
  },
  {
    "id": 376,
    "date": "3/23/2018",
    "client_name": "Dewain Winks",
    "appointment_type": "D7054ZZ",
    "duration": 35,
    "revenue": 75,
    "cost": 16,
    "practitioner_id": 10
  },
  {
    "id": 377,
    "date": "3/4/2018",
    "client_name": "Myron Standbrook",
    "appointment_type": "BT11YZZ",
    "duration": 57,
    "revenue": 96,
    "cost": 38,
    "practitioner_id": 2
  },
  {
    "id": 378,
    "date": "7/16/2018",
    "client_name": "Reidar Cowles",
    "appointment_type": "067D4DZ",
    "duration": 40,
    "revenue": 76,
    "cost": 20,
    "practitioner_id": 4
  },
  {
    "id": 379,
    "date": "2/6/2018",
    "client_name": "Morly Melesk",
    "appointment_type": "0DQP8ZZ",
    "duration": 15,
    "revenue": 51,
    "cost": 23,
    "practitioner_id": 2
  },
  {
    "id": 380,
    "date": "10/30/2017",
    "client_name": "Yul Doudny",
    "appointment_type": "0UW8XDZ",
    "duration": 29,
    "revenue": 55,
    "cost": 10,
    "practitioner_id": 8
  },
  {
    "id": 381,
    "date": "7/7/2018",
    "client_name": "Jacinthe Monks",
    "appointment_type": "0X6Q0Z3",
    "duration": 22,
    "revenue": 68,
    "cost": 21,
    "practitioner_id": 8
  },
  {
    "id": 382,
    "date": "9/10/2018",
    "client_name": "Harp Woolveridge",
    "appointment_type": "0F184Z8",
    "duration": 56,
    "revenue": 71,
    "cost": 40,
    "practitioner_id": 1
  },
  {
    "id": 383,
    "date": "8/23/2018",
    "client_name": "Margy Sherbrook",
    "appointment_type": "F07C6HZ",
    "duration": 43,
    "revenue": 100,
    "cost": 14,
    "practitioner_id": 9
  },
  {
    "id": 384,
    "date": "7/14/2018",
    "client_name": "Kilian Tomkins",
    "appointment_type": "047T3D6",
    "duration": 47,
    "revenue": 79,
    "cost": 22,
    "practitioner_id": 3
  },
  {
    "id": 385,
    "date": "12/14/2017",
    "client_name": "Mommy Simoens",
    "appointment_type": "08TL3ZZ",
    "duration": 38,
    "revenue": 50,
    "cost": 22,
    "practitioner_id": 6
  },
  {
    "id": 386,
    "date": "5/13/2018",
    "client_name": "Camel Bownd",
    "appointment_type": "02HL0DZ",
    "duration": 12,
    "revenue": 99,
    "cost": 34,
    "practitioner_id": 10
  },
  {
    "id": 387,
    "date": "2/22/2018",
    "client_name": "Charline Illingworth",
    "appointment_type": "03V40CZ",
    "duration": 30,
    "revenue": 78,
    "cost": 27,
    "practitioner_id": 4
  },
  {
    "id": 388,
    "date": "12/28/2017",
    "client_name": "Sybila Seawell",
    "appointment_type": "0R9U0ZZ",
    "duration": 53,
    "revenue": 53,
    "cost": 14,
    "practitioner_id": 8
  },
  {
    "id": 389,
    "date": "5/14/2018",
    "client_name": "Kaleena Aylesbury",
    "appointment_type": "03180Z1",
    "duration": 22,
    "revenue": 56,
    "cost": 28,
    "practitioner_id": 2
  },
  {
    "id": 390,
    "date": "3/4/2018",
    "client_name": "Brook Saul",
    "appointment_type": "0RGG3ZZ",
    "duration": 54,
    "revenue": 86,
    "cost": 16,
    "practitioner_id": 8
  },
  {
    "id": 391,
    "date": "5/4/2018",
    "client_name": "Morton Coweuppe",
    "appointment_type": "0S9P00Z",
    "duration": 46,
    "revenue": 57,
    "cost": 28,
    "practitioner_id": 7
  },
  {
    "id": 392,
    "date": "1/27/2018",
    "client_name": "Michele Milmore",
    "appointment_type": "30230Y4",
    "duration": 36,
    "revenue": 85,
    "cost": 37,
    "practitioner_id": 1
  },
  {
    "id": 393,
    "date": "10/1/2017",
    "client_name": "Gretel Wimbridge",
    "appointment_type": "04754ZZ",
    "duration": 40,
    "revenue": 65,
    "cost": 21,
    "practitioner_id": 9
  },
  {
    "id": 394,
    "date": "12/7/2017",
    "client_name": "Rolland Tottie",
    "appointment_type": "0RHH43Z",
    "duration": 49,
    "revenue": 94,
    "cost": 12,
    "practitioner_id": 3
  },
  {
    "id": 395,
    "date": "2/28/2018",
    "client_name": "Foss Alelsandrovich",
    "appointment_type": "0HDRXZZ",
    "duration": 55,
    "revenue": 56,
    "cost": 40,
    "practitioner_id": 7
  },
  {
    "id": 396,
    "date": "10/3/2017",
    "client_name": "Clevey Doerren",
    "appointment_type": "0TV74ZZ",
    "duration": 50,
    "revenue": 57,
    "cost": 37,
    "practitioner_id": 1
  },
  {
    "id": 397,
    "date": "4/10/2018",
    "client_name": "Osborn Greetland",
    "appointment_type": "099M4ZZ",
    "duration": 31,
    "revenue": 97,
    "cost": 40,
    "practitioner_id": 9
  },
  {
    "id": 398,
    "date": "9/17/2018",
    "client_name": "Panchito Queste",
    "appointment_type": "067T4ZZ",
    "duration": 35,
    "revenue": 53,
    "cost": 37,
    "practitioner_id": 1
  },
  {
    "id": 399,
    "date": "2/22/2018",
    "client_name": "Zorah Posselwhite",
    "appointment_type": "0LBL4ZX",
    "duration": 36,
    "revenue": 85,
    "cost": 24,
    "practitioner_id": 5
  },
  {
    "id": 400,
    "date": "3/24/2018",
    "client_name": "Rochelle Mussington",
    "appointment_type": "B413ZZZ",
    "duration": 20,
    "revenue": 82,
    "cost": 16,
    "practitioner_id": 3
  },
  {
    "id": 401,
    "date": "6/24/2018",
    "client_name": "Merrielle Kareman",
    "appointment_type": "0RGA470",
    "duration": 13,
    "revenue": 91,
    "cost": 26,
    "practitioner_id": 2
  },
  {
    "id": 402,
    "date": "6/6/2018",
    "client_name": "Noe Higford",
    "appointment_type": "01Q94ZZ",
    "duration": 44,
    "revenue": 91,
    "cost": 20,
    "practitioner_id": 8
  },
  {
    "id": 403,
    "date": "5/26/2018",
    "client_name": "Cate Deniscke",
    "appointment_type": "0JBQ3ZZ",
    "duration": 43,
    "revenue": 81,
    "cost": 23,
    "practitioner_id": 5
  },
  {
    "id": 404,
    "date": "1/21/2018",
    "client_name": "Miller Tulk",
    "appointment_type": "0RGN0ZZ",
    "duration": 19,
    "revenue": 75,
    "cost": 11,
    "practitioner_id": 8
  },
  {
    "id": 405,
    "date": "1/16/2018",
    "client_name": "Ashli O'Luney",
    "appointment_type": "0Y6C0Z1",
    "duration": 57,
    "revenue": 98,
    "cost": 34,
    "practitioner_id": 8
  },
  {
    "id": 406,
    "date": "4/29/2018",
    "client_name": "Dewey Bagshaw",
    "appointment_type": "DD24JZZ",
    "duration": 32,
    "revenue": 78,
    "cost": 23,
    "practitioner_id": 9
  },
  {
    "id": 407,
    "date": "10/5/2017",
    "client_name": "Di Marcinkus",
    "appointment_type": "0WP54YZ",
    "duration": 53,
    "revenue": 94,
    "cost": 18,
    "practitioner_id": 7
  },
  {
    "id": 408,
    "date": "6/2/2018",
    "client_name": "Dionisio Ramos",
    "appointment_type": "0SW634Z",
    "duration": 33,
    "revenue": 94,
    "cost": 24,
    "practitioner_id": 1
  },
  {
    "id": 409,
    "date": "5/18/2018",
    "client_name": "Evonne Henighan",
    "appointment_type": "04C10Z6",
    "duration": 30,
    "revenue": 66,
    "cost": 32,
    "practitioner_id": 9
  },
  {
    "id": 410,
    "date": "10/6/2017",
    "client_name": "Thia Crinage",
    "appointment_type": "0B950ZX",
    "duration": 36,
    "revenue": 77,
    "cost": 29,
    "practitioner_id": 3
  },
  {
    "id": 411,
    "date": "6/11/2018",
    "client_name": "Culver Tevlin",
    "appointment_type": "0XHB4YZ",
    "duration": 25,
    "revenue": 82,
    "cost": 25,
    "practitioner_id": 4
  },
  {
    "id": 412,
    "date": "12/12/2017",
    "client_name": "Lexie Laxen",
    "appointment_type": "0WFJ3ZZ",
    "duration": 41,
    "revenue": 73,
    "cost": 32,
    "practitioner_id": 7
  },
  {
    "id": 413,
    "date": "3/6/2018",
    "client_name": "Kalila Justun",
    "appointment_type": "047W04Z",
    "duration": 45,
    "revenue": 62,
    "cost": 11,
    "practitioner_id": 4
  },
  {
    "id": 414,
    "date": "8/7/2018",
    "client_name": "Tann Jerrand",
    "appointment_type": "0B5K8ZZ",
    "duration": 37,
    "revenue": 75,
    "cost": 38,
    "practitioner_id": 8
  },
  {
    "id": 415,
    "date": "3/2/2018",
    "client_name": "Brewster Blooman",
    "appointment_type": "09CS0ZZ",
    "duration": 21,
    "revenue": 96,
    "cost": 29,
    "practitioner_id": 1
  },
  {
    "id": 416,
    "date": "4/19/2018",
    "client_name": "Zola Knowlton",
    "appointment_type": "10Q08ZF",
    "duration": 26,
    "revenue": 69,
    "cost": 40,
    "practitioner_id": 3
  },
  {
    "id": 417,
    "date": "12/11/2017",
    "client_name": "Bunnie Shann",
    "appointment_type": "10Q07ZN",
    "duration": 11,
    "revenue": 75,
    "cost": 10,
    "practitioner_id": 10
  },
  {
    "id": 418,
    "date": "7/24/2018",
    "client_name": "Ive Wharf",
    "appointment_type": "DT10BCZ",
    "duration": 37,
    "revenue": 89,
    "cost": 26,
    "practitioner_id": 2
  },
  {
    "id": 419,
    "date": "11/15/2017",
    "client_name": "Ulrich Daye",
    "appointment_type": "0UUJ0KZ",
    "duration": 14,
    "revenue": 68,
    "cost": 30,
    "practitioner_id": 8
  },
  {
    "id": 420,
    "date": "11/13/2017",
    "client_name": "Eyde Edwicker",
    "appointment_type": "2W6DX0Z",
    "duration": 59,
    "revenue": 87,
    "cost": 13,
    "practitioner_id": 7
  },
  {
    "id": 421,
    "date": "9/18/2018",
    "client_name": "Corrinne Ledram",
    "appointment_type": "037944Z",
    "duration": 14,
    "revenue": 55,
    "cost": 24,
    "practitioner_id": 4
  },
  {
    "id": 422,
    "date": "1/17/2018",
    "client_name": "Ambur Crohan",
    "appointment_type": "0KQM3ZZ",
    "duration": 34,
    "revenue": 79,
    "cost": 32,
    "practitioner_id": 1
  },
  {
    "id": 423,
    "date": "6/20/2018",
    "client_name": "Brigitta O'Lagene",
    "appointment_type": "0QS93ZZ",
    "duration": 48,
    "revenue": 54,
    "cost": 22,
    "practitioner_id": 1
  },
  {
    "id": 424,
    "date": "7/30/2018",
    "client_name": "Oates Daunay",
    "appointment_type": "047C37Z",
    "duration": 16,
    "revenue": 71,
    "cost": 32,
    "practitioner_id": 3
  },
  {
    "id": 425,
    "date": "3/7/2018",
    "client_name": "Belinda Velasquez",
    "appointment_type": "081X0K3",
    "duration": 10,
    "revenue": 91,
    "cost": 32,
    "practitioner_id": 1
  },
  {
    "id": 426,
    "date": "12/13/2017",
    "client_name": "Jo ann Magarrell",
    "appointment_type": "0RWL47Z",
    "duration": 12,
    "revenue": 67,
    "cost": 14,
    "practitioner_id": 5
  },
  {
    "id": 427,
    "date": "11/24/2017",
    "client_name": "Abbey O'Ruane",
    "appointment_type": "0X950ZX",
    "duration": 23,
    "revenue": 70,
    "cost": 16,
    "practitioner_id": 4
  },
  {
    "id": 428,
    "date": "12/10/2017",
    "client_name": "Larry Davidovich",
    "appointment_type": "CG21SZZ",
    "duration": 46,
    "revenue": 85,
    "cost": 23,
    "practitioner_id": 10
  },
  {
    "id": 429,
    "date": "3/28/2018",
    "client_name": "Cassie Castard",
    "appointment_type": "02VX3EZ",
    "duration": 31,
    "revenue": 94,
    "cost": 11,
    "practitioner_id": 7
  },
  {
    "id": 430,
    "date": "4/3/2018",
    "client_name": "Claudetta Kynaston",
    "appointment_type": "06JYXZZ",
    "duration": 32,
    "revenue": 57,
    "cost": 37,
    "practitioner_id": 9
  },
  {
    "id": 431,
    "date": "4/27/2018",
    "client_name": "Bryant McLeary",
    "appointment_type": "041F09C",
    "duration": 30,
    "revenue": 88,
    "cost": 15,
    "practitioner_id": 2
  },
  {
    "id": 432,
    "date": "11/28/2017",
    "client_name": "Tamra Tivolier",
    "appointment_type": "2W1KX6Z",
    "duration": 51,
    "revenue": 86,
    "cost": 30,
    "practitioner_id": 8
  },
  {
    "id": 433,
    "date": "7/9/2018",
    "client_name": "Britni Plampeyn",
    "appointment_type": "00993ZZ",
    "duration": 26,
    "revenue": 75,
    "cost": 34,
    "practitioner_id": 6
  },
  {
    "id": 434,
    "date": "10/28/2017",
    "client_name": "Xavier Fairpo",
    "appointment_type": "0P5K3ZZ",
    "duration": 15,
    "revenue": 81,
    "cost": 14,
    "practitioner_id": 8
  },
  {
    "id": 435,
    "date": "4/20/2018",
    "client_name": "Tarah Skehens",
    "appointment_type": "03UK3JZ",
    "duration": 17,
    "revenue": 83,
    "cost": 19,
    "practitioner_id": 2
  },
  {
    "id": 436,
    "date": "7/2/2018",
    "client_name": "Brandice Kerin",
    "appointment_type": "0RBV3ZX",
    "duration": 38,
    "revenue": 52,
    "cost": 40,
    "practitioner_id": 2
  },
  {
    "id": 437,
    "date": "2/23/2018",
    "client_name": "Josey Crewdson",
    "appointment_type": "0T760DZ",
    "duration": 27,
    "revenue": 96,
    "cost": 30,
    "practitioner_id": 8
  },
  {
    "id": 438,
    "date": "5/17/2018",
    "client_name": "Jenifer Domelow",
    "appointment_type": "03753GZ",
    "duration": 26,
    "revenue": 72,
    "cost": 27,
    "practitioner_id": 7
  },
  {
    "id": 439,
    "date": "4/29/2018",
    "client_name": "Jessica Sasser",
    "appointment_type": "0VB64ZX",
    "duration": 20,
    "revenue": 55,
    "cost": 30,
    "practitioner_id": 5
  },
  {
    "id": 440,
    "date": "1/29/2018",
    "client_name": "Normy Meiklem",
    "appointment_type": "DB159BZ",
    "duration": 16,
    "revenue": 61,
    "cost": 12,
    "practitioner_id": 5
  },
  {
    "id": 441,
    "date": "1/9/2018",
    "client_name": "Juliet Busswell",
    "appointment_type": "08BPXZZ",
    "duration": 29,
    "revenue": 52,
    "cost": 36,
    "practitioner_id": 8
  },
  {
    "id": 442,
    "date": "3/12/2018",
    "client_name": "Howie Cockshoot",
    "appointment_type": "0FCF3ZZ",
    "duration": 39,
    "revenue": 62,
    "cost": 26,
    "practitioner_id": 2
  },
  {
    "id": 443,
    "date": "4/15/2018",
    "client_name": "Virgina Petters",
    "appointment_type": "01HY02Z",
    "duration": 25,
    "revenue": 82,
    "cost": 29,
    "practitioner_id": 9
  },
  {
    "id": 444,
    "date": "12/22/2017",
    "client_name": "Giacinta De Launde",
    "appointment_type": "7W04X2Z",
    "duration": 27,
    "revenue": 61,
    "cost": 40,
    "practitioner_id": 4
  },
  {
    "id": 445,
    "date": "5/1/2018",
    "client_name": "Elyssa Olenov",
    "appointment_type": "10Q04ZL",
    "duration": 59,
    "revenue": 53,
    "cost": 27,
    "practitioner_id": 4
  },
  {
    "id": 446,
    "date": "4/22/2018",
    "client_name": "Gretta Lanham",
    "appointment_type": "09DW3ZZ",
    "duration": 16,
    "revenue": 76,
    "cost": 29,
    "practitioner_id": 4
  },
  {
    "id": 447,
    "date": "6/2/2018",
    "client_name": "Erminie Rennard",
    "appointment_type": "0HWT70Z",
    "duration": 47,
    "revenue": 71,
    "cost": 14,
    "practitioner_id": 9
  },
  {
    "id": 448,
    "date": "11/17/2017",
    "client_name": "Amandy Bitchener",
    "appointment_type": "06C40ZZ",
    "duration": 24,
    "revenue": 90,
    "cost": 26,
    "practitioner_id": 1
  },
  {
    "id": 449,
    "date": "1/3/2018",
    "client_name": "Darlleen Hallt",
    "appointment_type": "30250T0",
    "duration": 27,
    "revenue": 86,
    "cost": 17,
    "practitioner_id": 7
  },
  {
    "id": 450,
    "date": "1/15/2018",
    "client_name": "Lottie Brambell",
    "appointment_type": "03H933Z",
    "duration": 58,
    "revenue": 94,
    "cost": 10,
    "practitioner_id": 2
  },
  {
    "id": 451,
    "date": "5/27/2018",
    "client_name": "Clarisse Melmoth",
    "appointment_type": "041H09C",
    "duration": 17,
    "revenue": 82,
    "cost": 24,
    "practitioner_id": 9
  },
  {
    "id": 452,
    "date": "8/7/2018",
    "client_name": "Page Massel",
    "appointment_type": "041K0JM",
    "duration": 14,
    "revenue": 59,
    "cost": 16,
    "practitioner_id": 1
  },
  {
    "id": 453,
    "date": "10/28/2017",
    "client_name": "Fitzgerald Wardingley",
    "appointment_type": "0TLD4DZ",
    "duration": 18,
    "revenue": 89,
    "cost": 10,
    "practitioner_id": 1
  },
  {
    "id": 454,
    "date": "12/4/2017",
    "client_name": "Flossy McKim",
    "appointment_type": "0D1A8JK",
    "duration": 37,
    "revenue": 68,
    "cost": 17,
    "practitioner_id": 2
  },
  {
    "id": 455,
    "date": "9/17/2018",
    "client_name": "Konstantine Giovanni",
    "appointment_type": "037K4GZ",
    "duration": 59,
    "revenue": 70,
    "cost": 26,
    "practitioner_id": 9
  },
  {
    "id": 456,
    "date": "12/30/2017",
    "client_name": "Abramo Sharrier",
    "appointment_type": "F07H0FZ",
    "duration": 19,
    "revenue": 81,
    "cost": 19,
    "practitioner_id": 6
  },
  {
    "id": 457,
    "date": "6/1/2018",
    "client_name": "Melisa Sellen",
    "appointment_type": "0X0337Z",
    "duration": 54,
    "revenue": 61,
    "cost": 19,
    "practitioner_id": 2
  },
  {
    "id": 458,
    "date": "12/3/2017",
    "client_name": "Kaylee Cribbott",
    "appointment_type": "04L94DZ",
    "duration": 28,
    "revenue": 97,
    "cost": 26,
    "practitioner_id": 4
  },
  {
    "id": 459,
    "date": "9/9/2018",
    "client_name": "Harri Laste",
    "appointment_type": "0UP84DZ",
    "duration": 26,
    "revenue": 95,
    "cost": 28,
    "practitioner_id": 3
  },
  {
    "id": 460,
    "date": "2/13/2018",
    "client_name": "Jasmina Balston",
    "appointment_type": "0UNC3ZZ",
    "duration": 46,
    "revenue": 88,
    "cost": 20,
    "practitioner_id": 5
  },
  {
    "id": 461,
    "date": "7/7/2018",
    "client_name": "Jasun Cammidge",
    "appointment_type": "0FL83ZZ",
    "duration": 34,
    "revenue": 56,
    "cost": 14,
    "practitioner_id": 4
  },
  {
    "id": 462,
    "date": "4/2/2018",
    "client_name": "Elnore Bulcock",
    "appointment_type": "07NP4ZZ",
    "duration": 34,
    "revenue": 80,
    "cost": 28,
    "practitioner_id": 7
  },
  {
    "id": 463,
    "date": "8/18/2018",
    "client_name": "Fair Gillion",
    "appointment_type": "3E080PZ",
    "duration": 55,
    "revenue": 62,
    "cost": 29,
    "practitioner_id": 4
  },
  {
    "id": 464,
    "date": "2/18/2018",
    "client_name": "Tallou Laval",
    "appointment_type": "0SWC3JZ",
    "duration": 13,
    "revenue": 74,
    "cost": 21,
    "practitioner_id": 3
  },
  {
    "id": 465,
    "date": "12/29/2017",
    "client_name": "Leo Dugdale",
    "appointment_type": "BR15ZZZ",
    "duration": 50,
    "revenue": 77,
    "cost": 20,
    "practitioner_id": 3
  },
  {
    "id": 466,
    "date": "7/3/2018",
    "client_name": "Aurlie Beardsley",
    "appointment_type": "0RW6XAZ",
    "duration": 49,
    "revenue": 71,
    "cost": 29,
    "practitioner_id": 8
  },
  {
    "id": 467,
    "date": "2/9/2018",
    "client_name": "Noah Addams",
    "appointment_type": "F01H0YZ",
    "duration": 35,
    "revenue": 78,
    "cost": 29,
    "practitioner_id": 6
  },
  {
    "id": 468,
    "date": "5/2/2018",
    "client_name": "Aubree Headly",
    "appointment_type": "0WP133Z",
    "duration": 32,
    "revenue": 73,
    "cost": 40,
    "practitioner_id": 2
  },
  {
    "id": 469,
    "date": "9/25/2017",
    "client_name": "Nerty Robbey",
    "appointment_type": "01503ZZ",
    "duration": 42,
    "revenue": 71,
    "cost": 19,
    "practitioner_id": 3
  },
  {
    "id": 470,
    "date": "4/13/2018",
    "client_name": "Lonni Eskriett",
    "appointment_type": "DHY7FZZ",
    "duration": 13,
    "revenue": 63,
    "cost": 21,
    "practitioner_id": 3
  },
  {
    "id": 471,
    "date": "6/2/2018",
    "client_name": "Velvet Dun",
    "appointment_type": "0D1B4JP",
    "duration": 30,
    "revenue": 85,
    "cost": 13,
    "practitioner_id": 2
  },
  {
    "id": 472,
    "date": "4/29/2018",
    "client_name": "Madelaine Longlands",
    "appointment_type": "0PQ34ZZ",
    "duration": 23,
    "revenue": 67,
    "cost": 24,
    "practitioner_id": 7
  },
  {
    "id": 473,
    "date": "7/4/2018",
    "client_name": "Torin Dyball",
    "appointment_type": "0RWS04Z",
    "duration": 42,
    "revenue": 54,
    "cost": 23,
    "practitioner_id": 7
  },
  {
    "id": 474,
    "date": "11/21/2017",
    "client_name": "Lana Strathe",
    "appointment_type": "0D164ZB",
    "duration": 46,
    "revenue": 54,
    "cost": 39,
    "practitioner_id": 10
  },
  {
    "id": 475,
    "date": "12/20/2017",
    "client_name": "Berne Schooley",
    "appointment_type": "021V4AS",
    "duration": 19,
    "revenue": 75,
    "cost": 26,
    "practitioner_id": 7
  },
  {
    "id": 476,
    "date": "7/22/2018",
    "client_name": "Uriel Matthisson",
    "appointment_type": "0SU437Z",
    "duration": 36,
    "revenue": 57,
    "cost": 25,
    "practitioner_id": 6
  },
  {
    "id": 477,
    "date": "12/5/2017",
    "client_name": "Jamey Tatem",
    "appointment_type": "0PHV34Z",
    "duration": 53,
    "revenue": 78,
    "cost": 11,
    "practitioner_id": 7
  },
  {
    "id": 478,
    "date": "3/12/2018",
    "client_name": "Alvy Seabridge",
    "appointment_type": "0D16479",
    "duration": 32,
    "revenue": 81,
    "cost": 10,
    "practitioner_id": 8
  },
  {
    "id": 479,
    "date": "12/16/2017",
    "client_name": "Velma Ellsom",
    "appointment_type": "0QQRXZZ",
    "duration": 55,
    "revenue": 96,
    "cost": 27,
    "practitioner_id": 6
  },
  {
    "id": 480,
    "date": "5/14/2018",
    "client_name": "Edgard Jacobovitch",
    "appointment_type": "069N4ZZ",
    "duration": 31,
    "revenue": 79,
    "cost": 13,
    "practitioner_id": 10
  },
  {
    "id": 481,
    "date": "2/2/2018",
    "client_name": "Sonia Rambaut",
    "appointment_type": "09SL4ZZ",
    "duration": 33,
    "revenue": 92,
    "cost": 11,
    "practitioner_id": 9
  },
  {
    "id": 482,
    "date": "3/10/2018",
    "client_name": "Bernie Meacher",
    "appointment_type": "0P5Q0ZZ",
    "duration": 42,
    "revenue": 62,
    "cost": 27,
    "practitioner_id": 10
  },
  {
    "id": 483,
    "date": "12/10/2017",
    "client_name": "Cristi Gartshore",
    "appointment_type": "BQ0YYZZ",
    "duration": 36,
    "revenue": 90,
    "cost": 21,
    "practitioner_id": 6
  },
  {
    "id": 484,
    "date": "9/16/2018",
    "client_name": "Any Matuszinski",
    "appointment_type": "0478066",
    "duration": 49,
    "revenue": 71,
    "cost": 20,
    "practitioner_id": 7
  },
  {
    "id": 485,
    "date": "8/15/2018",
    "client_name": "Ernaline Rustidge",
    "appointment_type": "0CMW0Z0",
    "duration": 45,
    "revenue": 89,
    "cost": 12,
    "practitioner_id": 6
  },
  {
    "id": 486,
    "date": "8/17/2018",
    "client_name": "Hector Grenkov",
    "appointment_type": "0SQDXZZ",
    "duration": 47,
    "revenue": 69,
    "cost": 17,
    "practitioner_id": 4
  },
  {
    "id": 487,
    "date": "11/22/2017",
    "client_name": "Trueman Kinahan",
    "appointment_type": "05180ZY",
    "duration": 38,
    "revenue": 78,
    "cost": 24,
    "practitioner_id": 7
  },
  {
    "id": 488,
    "date": "7/24/2018",
    "client_name": "Neila Cerie",
    "appointment_type": "0B788DZ",
    "duration": 26,
    "revenue": 89,
    "cost": 14,
    "practitioner_id": 1
  },
  {
    "id": 489,
    "date": "5/3/2018",
    "client_name": "Ninnette Dumbreck",
    "appointment_type": "04VE3CZ",
    "duration": 17,
    "revenue": 100,
    "cost": 24,
    "practitioner_id": 9
  },
  {
    "id": 490,
    "date": "2/14/2018",
    "client_name": "Bab Mustarde",
    "appointment_type": "CG14YZZ",
    "duration": 22,
    "revenue": 72,
    "cost": 36,
    "practitioner_id": 3
  },
  {
    "id": 491,
    "date": "10/7/2017",
    "client_name": "Delly Brookes",
    "appointment_type": "0DH602Z",
    "duration": 22,
    "revenue": 71,
    "cost": 32,
    "practitioner_id": 9
  },
  {
    "id": 492,
    "date": "7/27/2018",
    "client_name": "Joya Feaster",
    "appointment_type": "0T170JA",
    "duration": 18,
    "revenue": 56,
    "cost": 13,
    "practitioner_id": 10
  },
  {
    "id": 493,
    "date": "7/11/2018",
    "client_name": "Stillmann Connah",
    "appointment_type": "DH085ZZ",
    "duration": 33,
    "revenue": 91,
    "cost": 21,
    "practitioner_id": 4
  },
  {
    "id": 494,
    "date": "1/13/2018",
    "client_name": "Guy Prazer",
    "appointment_type": "047M4E6",
    "duration": 26,
    "revenue": 51,
    "cost": 32,
    "practitioner_id": 6
  },
  {
    "id": 495,
    "date": "1/31/2018",
    "client_name": "Charissa Arndtsen",
    "appointment_type": "0TW93DZ",
    "duration": 38,
    "revenue": 50,
    "cost": 19,
    "practitioner_id": 2
  },
  {
    "id": 496,
    "date": "3/21/2018",
    "client_name": "Zorina Dorking",
    "appointment_type": "051L47Y",
    "duration": 54,
    "revenue": 96,
    "cost": 34,
    "practitioner_id": 10
  },
  {
    "id": 497,
    "date": "9/14/2018",
    "client_name": "Raquela Ricarde",
    "appointment_type": "01QP3ZZ",
    "duration": 45,
    "revenue": 79,
    "cost": 31,
    "practitioner_id": 5
  },
  {
    "id": 498,
    "date": "3/26/2018",
    "client_name": "Melvyn Brecken",
    "appointment_type": "0K9330Z",
    "duration": 51,
    "revenue": 88,
    "cost": 19,
    "practitioner_id": 9
  },
  {
    "id": 499,
    "date": "1/16/2018",
    "client_name": "Carri Dunkerton",
    "appointment_type": "0D9E80Z",
    "duration": 23,
    "revenue": 56,
    "cost": 12,
    "practitioner_id": 9
  },
  {
    "id": 500,
    "date": "4/2/2018",
    "client_name": "Jarvis Klouz",
    "appointment_type": "07BC0ZZ",
    "duration": 44,
    "revenue": 63,
    "cost": 28,
    "practitioner_id": 6
  },
  {
    "id": 501,
    "date": "2/28/2018",
    "client_name": "Herbie Filer",
    "appointment_type": "2W3BX3Z",
    "duration": 51,
    "revenue": 72,
    "cost": 14,
    "practitioner_id": 1
  },
  {
    "id": 502,
    "date": "11/2/2017",
    "client_name": "Emmeline Keiley",
    "appointment_type": "00NC0ZZ",
    "duration": 10,
    "revenue": 72,
    "cost": 16,
    "practitioner_id": 8
  },
  {
    "id": 503,
    "date": "3/9/2018",
    "client_name": "Andee Smee",
    "appointment_type": "05710DZ",
    "duration": 42,
    "revenue": 93,
    "cost": 26,
    "practitioner_id": 6
  },
  {
    "id": 504,
    "date": "4/1/2018",
    "client_name": "Gus Toll",
    "appointment_type": "03HT4DZ",
    "duration": 33,
    "revenue": 86,
    "cost": 32,
    "practitioner_id": 9
  },
  {
    "id": 505,
    "date": "11/8/2017",
    "client_name": "Sella O'Hagirtie",
    "appointment_type": "0MB00ZX",
    "duration": 28,
    "revenue": 50,
    "cost": 21,
    "practitioner_id": 9
  },
  {
    "id": 506,
    "date": "1/29/2018",
    "client_name": "Raffarty McCafferky",
    "appointment_type": "0XUM07Z",
    "duration": 20,
    "revenue": 59,
    "cost": 32,
    "practitioner_id": 9
  },
  {
    "id": 507,
    "date": "11/18/2017",
    "client_name": "Alika Weems",
    "appointment_type": "03U60KZ",
    "duration": 14,
    "revenue": 95,
    "cost": 12,
    "practitioner_id": 3
  },
  {
    "id": 508,
    "date": "4/30/2018",
    "client_name": "Robbie Fraczak",
    "appointment_type": "B93FZZZ",
    "duration": 18,
    "revenue": 54,
    "cost": 40,
    "practitioner_id": 1
  },
  {
    "id": 509,
    "date": "5/21/2018",
    "client_name": "Stace Stapells",
    "appointment_type": "06900ZZ",
    "duration": 47,
    "revenue": 88,
    "cost": 37,
    "practitioner_id": 2
  },
  {
    "id": 510,
    "date": "4/21/2018",
    "client_name": "Wilma Gillott",
    "appointment_type": "0U5C3ZZ",
    "duration": 12,
    "revenue": 100,
    "cost": 24,
    "practitioner_id": 2
  },
  {
    "id": 511,
    "date": "5/4/2018",
    "client_name": "Cally Garvill",
    "appointment_type": "061P0AY",
    "duration": 53,
    "revenue": 91,
    "cost": 14,
    "practitioner_id": 6
  },
  {
    "id": 512,
    "date": "9/12/2018",
    "client_name": "Timothea Fone",
    "appointment_type": "0RW53JZ",
    "duration": 54,
    "revenue": 89,
    "cost": 10,
    "practitioner_id": 7
  },
  {
    "id": 513,
    "date": "7/22/2018",
    "client_name": "Caldwell Lawrance",
    "appointment_type": "0MQ14ZZ",
    "duration": 38,
    "revenue": 79,
    "cost": 28,
    "practitioner_id": 1
  },
  {
    "id": 514,
    "date": "2/9/2018",
    "client_name": "Ellynn Merkle",
    "appointment_type": "0WPM37Z",
    "duration": 14,
    "revenue": 56,
    "cost": 24,
    "practitioner_id": 7
  },
  {
    "id": 515,
    "date": "7/1/2018",
    "client_name": "Mac Di Roberto",
    "appointment_type": "0W9H30Z",
    "duration": 20,
    "revenue": 94,
    "cost": 13,
    "practitioner_id": 6
  },
  {
    "id": 516,
    "date": "12/1/2017",
    "client_name": "Florencia Masser",
    "appointment_type": "0SUK3KZ",
    "duration": 25,
    "revenue": 89,
    "cost": 19,
    "practitioner_id": 8
  },
  {
    "id": 517,
    "date": "10/25/2017",
    "client_name": "Arty Oaks",
    "appointment_type": "0QHG3CZ",
    "duration": 19,
    "revenue": 84,
    "cost": 28,
    "practitioner_id": 9
  },
  {
    "id": 518,
    "date": "9/24/2017",
    "client_name": "Ruggiero Dunsmuir",
    "appointment_type": "0MUW07Z",
    "duration": 36,
    "revenue": 50,
    "cost": 15,
    "practitioner_id": 3
  },
  {
    "id": 519,
    "date": "11/2/2017",
    "client_name": "Merrie MacAlinden",
    "appointment_type": "0WQNXZZ",
    "duration": 41,
    "revenue": 95,
    "cost": 22,
    "practitioner_id": 8
  },
  {
    "id": 520,
    "date": "8/5/2018",
    "client_name": "Lindsy Lenahan",
    "appointment_type": "BW21ZZZ",
    "duration": 42,
    "revenue": 78,
    "cost": 25,
    "practitioner_id": 1
  },
  {
    "id": 521,
    "date": "7/6/2018",
    "client_name": "Gisella Baker",
    "appointment_type": "0JHW01Z",
    "duration": 17,
    "revenue": 62,
    "cost": 33,
    "practitioner_id": 7
  },
  {
    "id": 522,
    "date": "5/18/2018",
    "client_name": "Rickey Rawsen",
    "appointment_type": "0BB47ZZ",
    "duration": 19,
    "revenue": 92,
    "cost": 23,
    "practitioner_id": 10
  },
  {
    "id": 523,
    "date": "1/21/2018",
    "client_name": "Robbi Maddick",
    "appointment_type": "05LL4ZZ",
    "duration": 17,
    "revenue": 89,
    "cost": 22,
    "practitioner_id": 9
  },
  {
    "id": 524,
    "date": "1/7/2018",
    "client_name": "Pen Skiplorne",
    "appointment_type": "3E0Y305",
    "duration": 12,
    "revenue": 54,
    "cost": 14,
    "practitioner_id": 10
  },
  {
    "id": 525,
    "date": "3/4/2018",
    "client_name": "Robbie McCambrois",
    "appointment_type": "037N0GZ",
    "duration": 48,
    "revenue": 65,
    "cost": 39,
    "practitioner_id": 4
  },
  {
    "id": 526,
    "date": "3/19/2018",
    "client_name": "Fielding Boame",
    "appointment_type": "0SJ20ZZ",
    "duration": 44,
    "revenue": 77,
    "cost": 25,
    "practitioner_id": 1
  },
  {
    "id": 527,
    "date": "11/19/2017",
    "client_name": "Kaela Labb",
    "appointment_type": "041H0JF",
    "duration": 40,
    "revenue": 65,
    "cost": 30,
    "practitioner_id": 8
  },
  {
    "id": 528,
    "date": "11/29/2017",
    "client_name": "Astrid Culter",
    "appointment_type": "0Y3B3ZZ",
    "duration": 42,
    "revenue": 58,
    "cost": 21,
    "practitioner_id": 5
  },
  {
    "id": 529,
    "date": "4/22/2018",
    "client_name": "Vera Edmands",
    "appointment_type": "0Y963ZZ",
    "duration": 12,
    "revenue": 70,
    "cost": 36,
    "practitioner_id": 3
  },
  {
    "id": 530,
    "date": "12/27/2017",
    "client_name": "Rosana Mersey",
    "appointment_type": "05940ZZ",
    "duration": 31,
    "revenue": 69,
    "cost": 31,
    "practitioner_id": 7
  },
  {
    "id": 531,
    "date": "8/16/2018",
    "client_name": "Thomasin Ruthven",
    "appointment_type": "0QQ44ZZ",
    "duration": 50,
    "revenue": 50,
    "cost": 26,
    "practitioner_id": 9
  },
  {
    "id": 532,
    "date": "6/28/2018",
    "client_name": "Gerianne Poxton",
    "appointment_type": "10Y07ZR",
    "duration": 24,
    "revenue": 58,
    "cost": 23,
    "practitioner_id": 6
  },
  {
    "id": 533,
    "date": "12/25/2017",
    "client_name": "Patience Krop",
    "appointment_type": "0SWB37Z",
    "duration": 53,
    "revenue": 100,
    "cost": 21,
    "practitioner_id": 6
  },
  {
    "id": 534,
    "date": "10/9/2017",
    "client_name": "Jennine Growy",
    "appointment_type": "00XJ4ZQ",
    "duration": 14,
    "revenue": 68,
    "cost": 15,
    "practitioner_id": 2
  },
  {
    "id": 535,
    "date": "9/21/2018",
    "client_name": "Carmel Lody",
    "appointment_type": "0RHF43Z",
    "duration": 19,
    "revenue": 63,
    "cost": 22,
    "practitioner_id": 2
  },
  {
    "id": 536,
    "date": "10/4/2017",
    "client_name": "Kaia Cressey",
    "appointment_type": "0FCD4ZZ",
    "duration": 45,
    "revenue": 96,
    "cost": 39,
    "practitioner_id": 3
  },
  {
    "id": 537,
    "date": "5/17/2018",
    "client_name": "Maureene Ruck",
    "appointment_type": "045Q4ZZ",
    "duration": 10,
    "revenue": 72,
    "cost": 22,
    "practitioner_id": 9
  },
  {
    "id": 538,
    "date": "11/13/2017",
    "client_name": "Marcelia Waltho",
    "appointment_type": "03170AD",
    "duration": 12,
    "revenue": 100,
    "cost": 16,
    "practitioner_id": 7
  },
  {
    "id": 539,
    "date": "3/21/2018",
    "client_name": "Devonna Unworth",
    "appointment_type": "045A4ZZ",
    "duration": 27,
    "revenue": 67,
    "cost": 15,
    "practitioner_id": 7
  },
  {
    "id": 540,
    "date": "1/17/2018",
    "client_name": "Mohandas Smelley",
    "appointment_type": "025F4ZZ",
    "duration": 14,
    "revenue": 78,
    "cost": 35,
    "practitioner_id": 2
  },
  {
    "id": 541,
    "date": "8/31/2018",
    "client_name": "Bruce Warrick",
    "appointment_type": "0WH001Z",
    "duration": 31,
    "revenue": 93,
    "cost": 31,
    "practitioner_id": 9
  },
  {
    "id": 542,
    "date": "3/8/2018",
    "client_name": "Quincy Huxstep",
    "appointment_type": "0MQL0ZZ",
    "duration": 29,
    "revenue": 86,
    "cost": 20,
    "practitioner_id": 7
  },
  {
    "id": 543,
    "date": "8/16/2018",
    "client_name": "Obadias Michie",
    "appointment_type": "0Y900ZX",
    "duration": 40,
    "revenue": 71,
    "cost": 28,
    "practitioner_id": 4
  },
  {
    "id": 544,
    "date": "11/18/2017",
    "client_name": "Mayer Berzins",
    "appointment_type": "BR1FYZZ",
    "duration": 38,
    "revenue": 85,
    "cost": 18,
    "practitioner_id": 7
  },
  {
    "id": 545,
    "date": "5/16/2018",
    "client_name": "Iorgo Fortune",
    "appointment_type": "0W054KZ",
    "duration": 48,
    "revenue": 99,
    "cost": 37,
    "practitioner_id": 4
  },
  {
    "id": 546,
    "date": "5/21/2018",
    "client_name": "Damien Guidera",
    "appointment_type": "08W00DZ",
    "duration": 27,
    "revenue": 74,
    "cost": 24,
    "practitioner_id": 1
  },
  {
    "id": 547,
    "date": "5/23/2018",
    "client_name": "Eran Addionizio",
    "appointment_type": "0KU007Z",
    "duration": 22,
    "revenue": 94,
    "cost": 13,
    "practitioner_id": 2
  },
  {
    "id": 548,
    "date": "11/2/2017",
    "client_name": "Brena Rhodef",
    "appointment_type": "0VW470Z",
    "duration": 50,
    "revenue": 85,
    "cost": 17,
    "practitioner_id": 5
  },
  {
    "id": 549,
    "date": "3/10/2018",
    "client_name": "Karlis Raye",
    "appointment_type": "F07L2YZ",
    "duration": 49,
    "revenue": 92,
    "cost": 29,
    "practitioner_id": 5
  },
  {
    "id": 550,
    "date": "10/5/2017",
    "client_name": "Daveta Cicco",
    "appointment_type": "0DB98ZX",
    "duration": 22,
    "revenue": 96,
    "cost": 15,
    "practitioner_id": 2
  },
  {
    "id": 551,
    "date": "3/16/2018",
    "client_name": "Andromache McPheat",
    "appointment_type": "07V73ZZ",
    "duration": 37,
    "revenue": 75,
    "cost": 36,
    "practitioner_id": 7
  },
  {
    "id": 552,
    "date": "12/27/2017",
    "client_name": "Pat Gores",
    "appointment_type": "0DCK4ZZ",
    "duration": 38,
    "revenue": 87,
    "cost": 14,
    "practitioner_id": 4
  },
  {
    "id": 553,
    "date": "3/29/2018",
    "client_name": "Devonna Lintill",
    "appointment_type": "0RWF38Z",
    "duration": 56,
    "revenue": 67,
    "cost": 14,
    "practitioner_id": 3
  },
  {
    "id": 554,
    "date": "12/27/2017",
    "client_name": "Mellisa Kingh",
    "appointment_type": "0B5M3ZZ",
    "duration": 27,
    "revenue": 88,
    "cost": 27,
    "practitioner_id": 1
  },
  {
    "id": 555,
    "date": "2/19/2018",
    "client_name": "Liuka de Amaya",
    "appointment_type": "CP181ZZ",
    "duration": 18,
    "revenue": 99,
    "cost": 32,
    "practitioner_id": 2
  },
  {
    "id": 556,
    "date": "10/3/2017",
    "client_name": "Major Malcher",
    "appointment_type": "0PP23JZ",
    "duration": 32,
    "revenue": 57,
    "cost": 31,
    "practitioner_id": 7
  },
  {
    "id": 557,
    "date": "6/21/2018",
    "client_name": "Queenie Clamp",
    "appointment_type": "0WW437Z",
    "duration": 32,
    "revenue": 72,
    "cost": 12,
    "practitioner_id": 10
  },
  {
    "id": 558,
    "date": "7/30/2018",
    "client_name": "Abbott Petche",
    "appointment_type": "3E0H7SF",
    "duration": 20,
    "revenue": 64,
    "cost": 17,
    "practitioner_id": 2
  },
  {
    "id": 559,
    "date": "2/19/2018",
    "client_name": "Aurilia Colebeck",
    "appointment_type": "047T056",
    "duration": 58,
    "revenue": 52,
    "cost": 33,
    "practitioner_id": 6
  },
  {
    "id": 560,
    "date": "8/10/2018",
    "client_name": "Ezmeralda Done",
    "appointment_type": "03VL4DZ",
    "duration": 55,
    "revenue": 56,
    "cost": 37,
    "practitioner_id": 8
  },
  {
    "id": 561,
    "date": "12/18/2017",
    "client_name": "Morris Petigrew",
    "appointment_type": "0PWGXKZ",
    "duration": 47,
    "revenue": 68,
    "cost": 33,
    "practitioner_id": 10
  },
  {
    "id": 562,
    "date": "10/10/2017",
    "client_name": "Guglielmo Rehn",
    "appointment_type": "047R3E6",
    "duration": 20,
    "revenue": 91,
    "cost": 22,
    "practitioner_id": 2
  },
  {
    "id": 563,
    "date": "5/26/2018",
    "client_name": "Dorian Schuster",
    "appointment_type": "0HBVXZZ",
    "duration": 35,
    "revenue": 75,
    "cost": 24,
    "practitioner_id": 8
  },
  {
    "id": 564,
    "date": "4/2/2018",
    "client_name": "Dolli Shoutt",
    "appointment_type": "03CA4ZZ",
    "duration": 53,
    "revenue": 76,
    "cost": 16,
    "practitioner_id": 5
  },
  {
    "id": 565,
    "date": "6/5/2018",
    "client_name": "Mickie Gateshill",
    "appointment_type": "C226YZZ",
    "duration": 21,
    "revenue": 81,
    "cost": 20,
    "practitioner_id": 3
  },
  {
    "id": 566,
    "date": "11/14/2017",
    "client_name": "Tobit Kleinert",
    "appointment_type": "0B7B7ZZ",
    "duration": 41,
    "revenue": 79,
    "cost": 12,
    "practitioner_id": 6
  },
  {
    "id": 567,
    "date": "4/18/2018",
    "client_name": "Curtis Farren",
    "appointment_type": "019H0ZX",
    "duration": 16,
    "revenue": 64,
    "cost": 15,
    "practitioner_id": 7
  },
  {
    "id": 568,
    "date": "4/9/2018",
    "client_name": "Teodora Kelway",
    "appointment_type": "04UH3JZ",
    "duration": 39,
    "revenue": 74,
    "cost": 29,
    "practitioner_id": 1
  },
  {
    "id": 569,
    "date": "7/20/2018",
    "client_name": "Trixie Dougharty",
    "appointment_type": "0W9G3ZX",
    "duration": 12,
    "revenue": 68,
    "cost": 12,
    "practitioner_id": 4
  },
  {
    "id": 570,
    "date": "1/28/2018",
    "client_name": "Ros Upton",
    "appointment_type": "0D7L8DZ",
    "duration": 28,
    "revenue": 62,
    "cost": 30,
    "practitioner_id": 10
  },
  {
    "id": 571,
    "date": "3/13/2018",
    "client_name": "Malorie Mordanti",
    "appointment_type": "0QW",
    "duration": 11,
    "revenue": 75,
    "cost": 22,
    "practitioner_id": 1
  },
  {
    "id": 572,
    "date": "1/6/2018",
    "client_name": "Lorelei Scrane",
    "appointment_type": "02114AW",
    "duration": 36,
    "revenue": 93,
    "cost": 19,
    "practitioner_id": 8
  },
  {
    "id": 573,
    "date": "2/13/2018",
    "client_name": "Tate Lees",
    "appointment_type": "0NR747Z",
    "duration": 58,
    "revenue": 65,
    "cost": 32,
    "practitioner_id": 1
  },
  {
    "id": 574,
    "date": "4/13/2018",
    "client_name": "Bernardina Cowndley",
    "appointment_type": "0FC63ZZ",
    "duration": 16,
    "revenue": 80,
    "cost": 19,
    "practitioner_id": 4
  },
  {
    "id": 575,
    "date": "6/20/2018",
    "client_name": "Gillian Pibsworth",
    "appointment_type": "0D138K9",
    "duration": 39,
    "revenue": 58,
    "cost": 25,
    "practitioner_id": 10
  },
  {
    "id": 576,
    "date": "10/14/2017",
    "client_name": "Abbey Prichard",
    "appointment_type": "0QHC48Z",
    "duration": 37,
    "revenue": 53,
    "cost": 37,
    "practitioner_id": 1
  },
  {
    "id": 577,
    "date": "12/3/2017",
    "client_name": "Barbara-anne Abram",
    "appointment_type": "0FBD8ZX",
    "duration": 40,
    "revenue": 93,
    "cost": 33,
    "practitioner_id": 5
  },
  {
    "id": 578,
    "date": "12/30/2017",
    "client_name": "Trevor Ainley",
    "appointment_type": "09PK87Z",
    "duration": 35,
    "revenue": 65,
    "cost": 20,
    "practitioner_id": 4
  },
  {
    "id": 579,
    "date": "3/23/2018",
    "client_name": "Kylen Baison",
    "appointment_type": "0SPD3KZ",
    "duration": 32,
    "revenue": 56,
    "cost": 24,
    "practitioner_id": 2
  },
  {
    "id": 580,
    "date": "10/19/2017",
    "client_name": "Emanuele MacCrachen",
    "appointment_type": "0LS94ZZ",
    "duration": 45,
    "revenue": 59,
    "cost": 38,
    "practitioner_id": 1
  },
  {
    "id": 581,
    "date": "7/27/2018",
    "client_name": "Dierdre Mylchreest",
    "appointment_type": "037N0GZ",
    "duration": 59,
    "revenue": 59,
    "cost": 32,
    "practitioner_id": 10
  },
  {
    "id": 582,
    "date": "4/30/2018",
    "client_name": "Malina Brodnecke",
    "appointment_type": "C76YYZZ",
    "duration": 43,
    "revenue": 63,
    "cost": 18,
    "practitioner_id": 6
  },
  {
    "id": 583,
    "date": "10/9/2017",
    "client_name": "Bee Probat",
    "appointment_type": "0XJ93ZZ",
    "duration": 59,
    "revenue": 57,
    "cost": 12,
    "practitioner_id": 9
  },
  {
    "id": 584,
    "date": "4/16/2018",
    "client_name": "Brear Kimmel",
    "appointment_type": "0TR777Z",
    "duration": 36,
    "revenue": 70,
    "cost": 25,
    "practitioner_id": 7
  },
  {
    "id": 585,
    "date": "3/3/2018",
    "client_name": "Victor Peddel",
    "appointment_type": "03U50KZ",
    "duration": 36,
    "revenue": 96,
    "cost": 21,
    "practitioner_id": 10
  },
  {
    "id": 586,
    "date": "4/29/2018",
    "client_name": "Collie Ivankovic",
    "appointment_type": "06LF3ZZ",
    "duration": 48,
    "revenue": 80,
    "cost": 37,
    "practitioner_id": 1
  },
  {
    "id": 587,
    "date": "2/10/2018",
    "client_name": "Selig Ruos",
    "appointment_type": "0FQG3ZZ",
    "duration": 51,
    "revenue": 70,
    "cost": 36,
    "practitioner_id": 2
  },
  {
    "id": 588,
    "date": "3/2/2018",
    "client_name": "Dew Grund",
    "appointment_type": "3E0J77Z",
    "duration": 11,
    "revenue": 92,
    "cost": 14,
    "practitioner_id": 2
  },
  {
    "id": 589,
    "date": "4/2/2018",
    "client_name": "Arlette Brigginshaw",
    "appointment_type": "0YQC0ZZ",
    "duration": 10,
    "revenue": 50,
    "cost": 28,
    "practitioner_id": 3
  },
  {
    "id": 590,
    "date": "10/17/2017",
    "client_name": "Pavel Schistl",
    "appointment_type": "0SWDX3Z",
    "duration": 17,
    "revenue": 84,
    "cost": 14,
    "practitioner_id": 4
  },
  {
    "id": 591,
    "date": "3/6/2018",
    "client_name": "Virginie Larrington",
    "appointment_type": "0SPG37Z",
    "duration": 25,
    "revenue": 77,
    "cost": 37,
    "practitioner_id": 3
  },
  {
    "id": 592,
    "date": "8/13/2018",
    "client_name": "Christopher Dioniso",
    "appointment_type": "0JXK3ZC",
    "duration": 45,
    "revenue": 83,
    "cost": 30,
    "practitioner_id": 8
  },
  {
    "id": 593,
    "date": "5/10/2018",
    "client_name": "Simone Burgin",
    "appointment_type": "00PV0KZ",
    "duration": 35,
    "revenue": 63,
    "cost": 36,
    "practitioner_id": 7
  },
  {
    "id": 594,
    "date": "2/19/2018",
    "client_name": "Flor Adam",
    "appointment_type": "DT11BBZ",
    "duration": 10,
    "revenue": 55,
    "cost": 40,
    "practitioner_id": 1
  },
  {
    "id": 595,
    "date": "11/26/2017",
    "client_name": "Merrilee Bennison",
    "appointment_type": "0KUG0JZ",
    "duration": 30,
    "revenue": 55,
    "cost": 10,
    "practitioner_id": 6
  },
  {
    "id": 596,
    "date": "3/22/2018",
    "client_name": "Louie Stratford",
    "appointment_type": "07C44ZZ",
    "duration": 37,
    "revenue": 81,
    "cost": 12,
    "practitioner_id": 1
  },
  {
    "id": 597,
    "date": "5/24/2018",
    "client_name": "Koren Sterling",
    "appointment_type": "0NC74ZZ",
    "duration": 38,
    "revenue": 75,
    "cost": 15,
    "practitioner_id": 3
  },
  {
    "id": 598,
    "date": "8/28/2018",
    "client_name": "Tedi Clapp",
    "appointment_type": "0VBT4ZX",
    "duration": 48,
    "revenue": 71,
    "cost": 11,
    "practitioner_id": 5
  },
  {
    "id": 599,
    "date": "11/25/2017",
    "client_name": "Dani Meader",
    "appointment_type": "0XHC43Z",
    "duration": 56,
    "revenue": 91,
    "cost": 33,
    "practitioner_id": 5
  },
  {
    "id": 600,
    "date": "12/9/2017",
    "client_name": "Lavinie Howett",
    "appointment_type": "10900ZC",
    "duration": 41,
    "revenue": 66,
    "cost": 19,
    "practitioner_id": 1
  },
  {
    "id": 601,
    "date": "4/3/2018",
    "client_name": "Taddeusz Dennerley",
    "appointment_type": "0H9V0ZZ",
    "duration": 43,
    "revenue": 96,
    "cost": 10,
    "practitioner_id": 8
  },
  {
    "id": 602,
    "date": "7/20/2018",
    "client_name": "Quinta Epsley",
    "appointment_type": "02UG0KZ",
    "duration": 52,
    "revenue": 64,
    "cost": 13,
    "practitioner_id": 7
  },
  {
    "id": 603,
    "date": "2/4/2018",
    "client_name": "Gerri Bucksey",
    "appointment_type": "0WBH3ZX",
    "duration": 20,
    "revenue": 58,
    "cost": 32,
    "practitioner_id": 6
  },
  {
    "id": 604,
    "date": "6/10/2018",
    "client_name": "Gunter Goulborn",
    "appointment_type": "00UF37Z",
    "duration": 50,
    "revenue": 51,
    "cost": 10,
    "practitioner_id": 2
  },
  {
    "id": 605,
    "date": "6/20/2018",
    "client_name": "Cristy Tetford",
    "appointment_type": "0RHQ48Z",
    "duration": 41,
    "revenue": 98,
    "cost": 36,
    "practitioner_id": 5
  },
  {
    "id": 606,
    "date": "3/16/2018",
    "client_name": "Vania Sammars",
    "appointment_type": "0KUV0JZ",
    "duration": 12,
    "revenue": 91,
    "cost": 31,
    "practitioner_id": 9
  },
  {
    "id": 607,
    "date": "5/8/2018",
    "client_name": "Karon Filtness",
    "appointment_type": "037R3GZ",
    "duration": 17,
    "revenue": 89,
    "cost": 21,
    "practitioner_id": 10
  },
  {
    "id": 608,
    "date": "8/14/2018",
    "client_name": "Drusie Blandford",
    "appointment_type": "02UV08Z",
    "duration": 18,
    "revenue": 94,
    "cost": 25,
    "practitioner_id": 3
  },
  {
    "id": 609,
    "date": "1/25/2018",
    "client_name": "Mallissa Tomowicz",
    "appointment_type": "0QPN07Z",
    "duration": 36,
    "revenue": 64,
    "cost": 20,
    "practitioner_id": 1
  },
  {
    "id": 610,
    "date": "8/6/2018",
    "client_name": "Stefan Vanezis",
    "appointment_type": "0RPMX0Z",
    "duration": 27,
    "revenue": 92,
    "cost": 21,
    "practitioner_id": 10
  },
  {
    "id": 611,
    "date": "10/12/2017",
    "client_name": "Cordy Ondrich",
    "appointment_type": "0R9D4ZX",
    "duration": 14,
    "revenue": 78,
    "cost": 29,
    "practitioner_id": 9
  },
  {
    "id": 612,
    "date": "5/5/2018",
    "client_name": "Marco Pether",
    "appointment_type": "0VPM83Z",
    "duration": 52,
    "revenue": 62,
    "cost": 20,
    "practitioner_id": 9
  },
  {
    "id": 613,
    "date": "8/8/2018",
    "client_name": "Aeriell Feveryear",
    "appointment_type": "0QWQ35Z",
    "duration": 32,
    "revenue": 78,
    "cost": 18,
    "practitioner_id": 8
  },
  {
    "id": 614,
    "date": "12/2/2017",
    "client_name": "Faina Chancellor",
    "appointment_type": "05V73DZ",
    "duration": 12,
    "revenue": 58,
    "cost": 10,
    "practitioner_id": 7
  },
  {
    "id": 615,
    "date": "1/3/2018",
    "client_name": "Mariquilla Haffenden",
    "appointment_type": "041H4JB",
    "duration": 14,
    "revenue": 78,
    "cost": 23,
    "practitioner_id": 1
  },
  {
    "id": 616,
    "date": "1/13/2018",
    "client_name": "Roanne Spens",
    "appointment_type": "0LS94ZZ",
    "duration": 24,
    "revenue": 62,
    "cost": 37,
    "practitioner_id": 8
  },
  {
    "id": 617,
    "date": "2/13/2018",
    "client_name": "Torrence Tayt",
    "appointment_type": "07594ZZ",
    "duration": 14,
    "revenue": 91,
    "cost": 37,
    "practitioner_id": 1
  },
  {
    "id": 618,
    "date": "12/13/2017",
    "client_name": "Nahum Cartmell",
    "appointment_type": "0NUT37Z",
    "duration": 21,
    "revenue": 86,
    "cost": 14,
    "practitioner_id": 6
  },
  {
    "id": 619,
    "date": "7/12/2018",
    "client_name": "Norrie Rousel",
    "appointment_type": "02WAXMZ",
    "duration": 27,
    "revenue": 87,
    "cost": 30,
    "practitioner_id": 2
  },
  {
    "id": 620,
    "date": "7/9/2018",
    "client_name": "Estele Olner",
    "appointment_type": "0JXH0ZB",
    "duration": 28,
    "revenue": 70,
    "cost": 12,
    "practitioner_id": 3
  },
  {
    "id": 621,
    "date": "3/11/2018",
    "client_name": "Ginnifer Brim",
    "appointment_type": "09BN7ZZ",
    "duration": 38,
    "revenue": 85,
    "cost": 10,
    "practitioner_id": 3
  },
  {
    "id": 622,
    "date": "4/10/2018",
    "client_name": "Herman Kissock",
    "appointment_type": "0D168K9",
    "duration": 16,
    "revenue": 79,
    "cost": 36,
    "practitioner_id": 4
  },
  {
    "id": 623,
    "date": "8/4/2018",
    "client_name": "Tricia Prescot",
    "appointment_type": "0LB54ZX",
    "duration": 26,
    "revenue": 72,
    "cost": 20,
    "practitioner_id": 6
  },
  {
    "id": 624,
    "date": "3/11/2018",
    "client_name": "Roddie Raywood",
    "appointment_type": "2W31X9Z",
    "duration": 11,
    "revenue": 92,
    "cost": 32,
    "practitioner_id": 3
  },
  {
    "id": 625,
    "date": "3/18/2018",
    "client_name": "Frederic Starking",
    "appointment_type": "0RWQ35Z",
    "duration": 20,
    "revenue": 96,
    "cost": 40,
    "practitioner_id": 5
  },
  {
    "id": 626,
    "date": "5/5/2018",
    "client_name": "Caye Frudd",
    "appointment_type": "02700T6",
    "duration": 36,
    "revenue": 86,
    "cost": 39,
    "practitioner_id": 8
  },
  {
    "id": 627,
    "date": "8/28/2018",
    "client_name": "Eustacia Quigley",
    "appointment_type": "CG11SZZ",
    "duration": 55,
    "revenue": 74,
    "cost": 31,
    "practitioner_id": 9
  },
  {
    "id": 628,
    "date": "3/31/2018",
    "client_name": "Sonya Alexsandrov",
    "appointment_type": "02R948Z",
    "duration": 35,
    "revenue": 96,
    "cost": 28,
    "practitioner_id": 5
  },
  {
    "id": 629,
    "date": "12/12/2017",
    "client_name": "Calli Beurich",
    "appointment_type": "0RPW48Z",
    "duration": 57,
    "revenue": 64,
    "cost": 14,
    "practitioner_id": 4
  },
  {
    "id": 630,
    "date": "7/15/2018",
    "client_name": "Lidia Ajam",
    "appointment_type": "0Q9K0ZX",
    "duration": 27,
    "revenue": 93,
    "cost": 12,
    "practitioner_id": 10
  },
  {
    "id": 631,
    "date": "2/6/2018",
    "client_name": "Sylvester Colwill",
    "appointment_type": "0DUR0KZ",
    "duration": 47,
    "revenue": 67,
    "cost": 12,
    "practitioner_id": 6
  },
  {
    "id": 632,
    "date": "11/22/2017",
    "client_name": "Annabel Jackes",
    "appointment_type": "0HJU7ZZ",
    "duration": 11,
    "revenue": 72,
    "cost": 38,
    "practitioner_id": 1
  },
  {
    "id": 633,
    "date": "2/2/2018",
    "client_name": "Jelene Calcut",
    "appointment_type": "2W4KX5Z",
    "duration": 56,
    "revenue": 90,
    "cost": 27,
    "practitioner_id": 3
  },
  {
    "id": 634,
    "date": "12/22/2017",
    "client_name": "Lelia O' Timony",
    "appointment_type": "065D0ZZ",
    "duration": 54,
    "revenue": 52,
    "cost": 17,
    "practitioner_id": 1
  },
  {
    "id": 635,
    "date": "3/2/2018",
    "client_name": "Isidora Daily",
    "appointment_type": "0NW047Z",
    "duration": 53,
    "revenue": 76,
    "cost": 36,
    "practitioner_id": 3
  },
  {
    "id": 636,
    "date": "10/22/2017",
    "client_name": "Joshia Jouanot",
    "appointment_type": "0KTD4ZZ",
    "duration": 14,
    "revenue": 73,
    "cost": 15,
    "practitioner_id": 8
  },
  {
    "id": 637,
    "date": "6/30/2018",
    "client_name": "Huberto Pieterick",
    "appointment_type": "02N",
    "duration": 51,
    "revenue": 97,
    "cost": 33,
    "practitioner_id": 9
  },
  {
    "id": 638,
    "date": "6/30/2018",
    "client_name": "Kinnie Sherry",
    "appointment_type": "0Q934ZZ",
    "duration": 59,
    "revenue": 85,
    "cost": 11,
    "practitioner_id": 4
  },
  {
    "id": 639,
    "date": "6/20/2018",
    "client_name": "Olav Ronald",
    "appointment_type": "047W446",
    "duration": 36,
    "revenue": 62,
    "cost": 35,
    "practitioner_id": 1
  },
  {
    "id": 640,
    "date": "12/15/2017",
    "client_name": "Dick Clemmen",
    "appointment_type": "0QSNXZZ",
    "duration": 13,
    "revenue": 64,
    "cost": 15,
    "practitioner_id": 8
  },
  {
    "id": 641,
    "date": "1/13/2018",
    "client_name": "Lauren Geoghegan",
    "appointment_type": "0HN0XZZ",
    "duration": 35,
    "revenue": 65,
    "cost": 16,
    "practitioner_id": 7
  },
  {
    "id": 642,
    "date": "2/5/2018",
    "client_name": "Elli Bethell",
    "appointment_type": "0RPW34Z",
    "duration": 35,
    "revenue": 64,
    "cost": 20,
    "practitioner_id": 4
  },
  {
    "id": 643,
    "date": "11/3/2017",
    "client_name": "Car Pedro",
    "appointment_type": "06VS4CZ",
    "duration": 56,
    "revenue": 68,
    "cost": 39,
    "practitioner_id": 1
  },
  {
    "id": 644,
    "date": "6/14/2018",
    "client_name": "Karalee Seneschal",
    "appointment_type": "0QPK4KZ",
    "duration": 45,
    "revenue": 73,
    "cost": 23,
    "practitioner_id": 10
  },
  {
    "id": 645,
    "date": "8/30/2018",
    "client_name": "Alberik Pichan",
    "appointment_type": "06R40KZ",
    "duration": 42,
    "revenue": 79,
    "cost": 38,
    "practitioner_id": 5
  },
  {
    "id": 646,
    "date": "8/3/2018",
    "client_name": "Amity Chessun",
    "appointment_type": "0SJ73ZZ",
    "duration": 35,
    "revenue": 92,
    "cost": 27,
    "practitioner_id": 2
  },
  {
    "id": 647,
    "date": "2/5/2018",
    "client_name": "Derick Rymill",
    "appointment_type": "30230M0",
    "duration": 35,
    "revenue": 94,
    "cost": 36,
    "practitioner_id": 4
  },
  {
    "id": 648,
    "date": "1/6/2018",
    "client_name": "Justus Arghent",
    "appointment_type": "0W0L4JZ",
    "duration": 28,
    "revenue": 74,
    "cost": 25,
    "practitioner_id": 5
  },
  {
    "id": 649,
    "date": "10/6/2017",
    "client_name": "Lodovico Rosoman",
    "appointment_type": "0PHH45Z",
    "duration": 36,
    "revenue": 85,
    "cost": 25,
    "practitioner_id": 2
  },
  {
    "id": 650,
    "date": "3/7/2018",
    "client_name": "Yale Hastings",
    "appointment_type": "0N9L3ZX",
    "duration": 22,
    "revenue": 96,
    "cost": 26,
    "practitioner_id": 6
  },
  {
    "id": 651,
    "date": "7/6/2018",
    "client_name": "Keith Cornils",
    "appointment_type": "0K924ZZ",
    "duration": 22,
    "revenue": 77,
    "cost": 38,
    "practitioner_id": 1
  },
  {
    "id": 652,
    "date": "8/16/2018",
    "client_name": "Daphna Titlow",
    "appointment_type": "F15Z28Z",
    "duration": 11,
    "revenue": 58,
    "cost": 36,
    "practitioner_id": 6
  },
  {
    "id": 653,
    "date": "7/14/2018",
    "client_name": "Petey Gorges",
    "appointment_type": "025R4ZZ",
    "duration": 35,
    "revenue": 88,
    "cost": 34,
    "practitioner_id": 2
  },
  {
    "id": 654,
    "date": "9/7/2018",
    "client_name": "Kristine Kerrich",
    "appointment_type": "F0702EZ",
    "duration": 32,
    "revenue": 73,
    "cost": 38,
    "practitioner_id": 3
  },
  {
    "id": 655,
    "date": "6/16/2018",
    "client_name": "Aliza Girvin",
    "appointment_type": "091E0Z0",
    "duration": 54,
    "revenue": 77,
    "cost": 35,
    "practitioner_id": 5
  },
  {
    "id": 656,
    "date": "11/6/2017",
    "client_name": "Florie MacAlinden",
    "appointment_type": "0CSR7ZZ",
    "duration": 14,
    "revenue": 95,
    "cost": 18,
    "practitioner_id": 1
  },
  {
    "id": 657,
    "date": "1/7/2018",
    "client_name": "Kipp Dimmock",
    "appointment_type": "B233Y0Z",
    "duration": 33,
    "revenue": 54,
    "cost": 25,
    "practitioner_id": 7
  },
  {
    "id": 658,
    "date": "7/1/2018",
    "client_name": "Todd Arnaudin",
    "appointment_type": "047Y04Z",
    "duration": 57,
    "revenue": 75,
    "cost": 31,
    "practitioner_id": 10
  },
  {
    "id": 659,
    "date": "1/7/2018",
    "client_name": "Khalil Itzik",
    "appointment_type": "03RS4JZ",
    "duration": 36,
    "revenue": 90,
    "cost": 16,
    "practitioner_id": 10
  },
  {
    "id": 660,
    "date": "12/18/2017",
    "client_name": "Artair Aubrey",
    "appointment_type": "0WPNXJZ",
    "duration": 29,
    "revenue": 99,
    "cost": 19,
    "practitioner_id": 2
  },
  {
    "id": 661,
    "date": "5/23/2018",
    "client_name": "Lianna Warboy",
    "appointment_type": "0RWFX8Z",
    "duration": 59,
    "revenue": 76,
    "cost": 39,
    "practitioner_id": 8
  },
  {
    "id": 662,
    "date": "6/3/2018",
    "client_name": "Erma Trass",
    "appointment_type": "065J4ZZ",
    "duration": 14,
    "revenue": 99,
    "cost": 12,
    "practitioner_id": 10
  },
  {
    "id": 663,
    "date": "2/26/2018",
    "client_name": "Tulley McBoyle",
    "appointment_type": "0R9R4ZX",
    "duration": 16,
    "revenue": 53,
    "cost": 16,
    "practitioner_id": 1
  },
  {
    "id": 664,
    "date": "10/28/2017",
    "client_name": "Dee dee Seniour",
    "appointment_type": "0RP63JZ",
    "duration": 41,
    "revenue": 98,
    "cost": 24,
    "practitioner_id": 9
  },
  {
    "id": 665,
    "date": "10/5/2017",
    "client_name": "Talbert Beels",
    "appointment_type": "037A3GZ",
    "duration": 13,
    "revenue": 81,
    "cost": 28,
    "practitioner_id": 3
  },
  {
    "id": 666,
    "date": "11/16/2017",
    "client_name": "Melba Chisholm",
    "appointment_type": "3E0Q37Z",
    "duration": 35,
    "revenue": 86,
    "cost": 11,
    "practitioner_id": 3
  },
  {
    "id": 667,
    "date": "8/31/2018",
    "client_name": "Rosaline Airlie",
    "appointment_type": "0Y950ZZ",
    "duration": 44,
    "revenue": 79,
    "cost": 40,
    "practitioner_id": 8
  },
  {
    "id": 668,
    "date": "9/3/2018",
    "client_name": "Hervey Cabotto",
    "appointment_type": "09WK3DZ",
    "duration": 59,
    "revenue": 87,
    "cost": 10,
    "practitioner_id": 6
  },
  {
    "id": 669,
    "date": "2/5/2018",
    "client_name": "Renato Woodrough",
    "appointment_type": "3E0F7NZ",
    "duration": 27,
    "revenue": 81,
    "cost": 30,
    "practitioner_id": 10
  },
  {
    "id": 670,
    "date": "10/5/2017",
    "client_name": "Sloane Ansty",
    "appointment_type": "0SR",
    "duration": 51,
    "revenue": 78,
    "cost": 17,
    "practitioner_id": 4
  },
  {
    "id": 671,
    "date": "1/15/2018",
    "client_name": "Lynnett Shyre",
    "appointment_type": "0F5G0ZZ",
    "duration": 14,
    "revenue": 59,
    "cost": 39,
    "practitioner_id": 5
  },
  {
    "id": 672,
    "date": "7/28/2018",
    "client_name": "Bride Carloni",
    "appointment_type": "027045Z",
    "duration": 15,
    "revenue": 69,
    "cost": 27,
    "practitioner_id": 8
  },
  {
    "id": 673,
    "date": "6/27/2018",
    "client_name": "Sascha Hryskiewicz",
    "appointment_type": "09BL7ZZ",
    "duration": 39,
    "revenue": 83,
    "cost": 14,
    "practitioner_id": 8
  },
  {
    "id": 674,
    "date": "11/12/2017",
    "client_name": "Ava Mines",
    "appointment_type": "0DQL4ZZ",
    "duration": 41,
    "revenue": 86,
    "cost": 24,
    "practitioner_id": 2
  },
  {
    "id": 675,
    "date": "1/23/2018",
    "client_name": "Orel Graalman",
    "appointment_type": "0D164J9",
    "duration": 37,
    "revenue": 89,
    "cost": 22,
    "practitioner_id": 2
  },
  {
    "id": 676,
    "date": "12/3/2017",
    "client_name": "Laurena Andreopolos",
    "appointment_type": "0UW873Z",
    "duration": 49,
    "revenue": 78,
    "cost": 30,
    "practitioner_id": 10
  },
  {
    "id": 677,
    "date": "7/13/2018",
    "client_name": "Tish Carverhill",
    "appointment_type": "0FJD0ZZ",
    "duration": 35,
    "revenue": 85,
    "cost": 24,
    "practitioner_id": 2
  },
  {
    "id": 678,
    "date": "7/3/2018",
    "client_name": "Fritz Whyberd",
    "appointment_type": "06B94ZZ",
    "duration": 57,
    "revenue": 89,
    "cost": 18,
    "practitioner_id": 3
  },
  {
    "id": 679,
    "date": "3/7/2018",
    "client_name": "Tibold MacConnechie",
    "appointment_type": "4A140B2",
    "duration": 24,
    "revenue": 81,
    "cost": 12,
    "practitioner_id": 4
  },
  {
    "id": 680,
    "date": "10/27/2017",
    "client_name": "Johan Masterson",
    "appointment_type": "0SU43JZ",
    "duration": 36,
    "revenue": 80,
    "cost": 17,
    "practitioner_id": 10
  },
  {
    "id": 681,
    "date": "10/23/2017",
    "client_name": "Friedrick Deeman",
    "appointment_type": "0TV78ZZ",
    "duration": 45,
    "revenue": 63,
    "cost": 35,
    "practitioner_id": 4
  },
  {
    "id": 682,
    "date": "11/26/2017",
    "client_name": "Aeriel Brosenius",
    "appointment_type": "021K4ZF",
    "duration": 32,
    "revenue": 70,
    "cost": 20,
    "practitioner_id": 4
  },
  {
    "id": 683,
    "date": "5/22/2018",
    "client_name": "Bertram Hindsberg",
    "appointment_type": "0RWC33Z",
    "duration": 14,
    "revenue": 99,
    "cost": 20,
    "practitioner_id": 4
  },
  {
    "id": 684,
    "date": "9/29/2017",
    "client_name": "Liana Bellhanger",
    "appointment_type": "30260M0",
    "duration": 23,
    "revenue": 72,
    "cost": 33,
    "practitioner_id": 3
  },
  {
    "id": 685,
    "date": "4/21/2018",
    "client_name": "Amberly Stapels",
    "appointment_type": "0LU80KZ",
    "duration": 10,
    "revenue": 74,
    "cost": 37,
    "practitioner_id": 7
  },
  {
    "id": 686,
    "date": "5/20/2018",
    "client_name": "Alysa Iverson",
    "appointment_type": "0TT30ZZ",
    "duration": 12,
    "revenue": 97,
    "cost": 15,
    "practitioner_id": 7
  },
  {
    "id": 687,
    "date": "5/8/2018",
    "client_name": "Morgana Wanless",
    "appointment_type": "0QWD04Z",
    "duration": 31,
    "revenue": 85,
    "cost": 13,
    "practitioner_id": 9
  },
  {
    "id": 688,
    "date": "12/10/2017",
    "client_name": "Maire Biskup",
    "appointment_type": "06114K9",
    "duration": 56,
    "revenue": 57,
    "cost": 19,
    "practitioner_id": 2
  },
  {
    "id": 689,
    "date": "1/3/2018",
    "client_name": "Lura Standfield",
    "appointment_type": "0SG10JJ",
    "duration": 41,
    "revenue": 70,
    "cost": 29,
    "practitioner_id": 8
  },
  {
    "id": 690,
    "date": "8/5/2018",
    "client_name": "Gael McIlmurray",
    "appointment_type": "0XHJ4YZ",
    "duration": 33,
    "revenue": 59,
    "cost": 30,
    "practitioner_id": 1
  },
  {
    "id": 691,
    "date": "12/5/2017",
    "client_name": "Novelia Coda",
    "appointment_type": "0D1A4ZP",
    "duration": 54,
    "revenue": 98,
    "cost": 37,
    "practitioner_id": 7
  },
  {
    "id": 692,
    "date": "8/19/2018",
    "client_name": "Stafani Tremaine",
    "appointment_type": "0VPR30Z",
    "duration": 18,
    "revenue": 94,
    "cost": 33,
    "practitioner_id": 7
  },
  {
    "id": 693,
    "date": "5/20/2018",
    "client_name": "Lorita Portsmouth",
    "appointment_type": "04774FZ",
    "duration": 60,
    "revenue": 53,
    "cost": 29,
    "practitioner_id": 5
  },
  {
    "id": 694,
    "date": "4/29/2018",
    "client_name": "Lira Summerly",
    "appointment_type": "0DW073Z",
    "duration": 36,
    "revenue": 84,
    "cost": 30,
    "practitioner_id": 6
  },
  {
    "id": 695,
    "date": "9/26/2017",
    "client_name": "Neall Kidstone",
    "appointment_type": "069V0ZX",
    "duration": 53,
    "revenue": 74,
    "cost": 20,
    "practitioner_id": 9
  },
  {
    "id": 696,
    "date": "3/22/2018",
    "client_name": "Brandi Plumstead",
    "appointment_type": "0WWL4YZ",
    "duration": 56,
    "revenue": 78,
    "cost": 19,
    "practitioner_id": 9
  },
  {
    "id": 697,
    "date": "6/15/2018",
    "client_name": "Olivette Wollers",
    "appointment_type": "0DRS4KZ",
    "duration": 58,
    "revenue": 50,
    "cost": 35,
    "practitioner_id": 10
  },
  {
    "id": 698,
    "date": "1/6/2018",
    "client_name": "Humfrid Slarke",
    "appointment_type": "0D9Q0ZZ",
    "duration": 41,
    "revenue": 73,
    "cost": 21,
    "practitioner_id": 5
  },
  {
    "id": 699,
    "date": "5/5/2018",
    "client_name": "Batholomew Vanyard",
    "appointment_type": "BP2FZZZ",
    "duration": 53,
    "revenue": 51,
    "cost": 11,
    "practitioner_id": 4
  },
  {
    "id": 700,
    "date": "1/19/2018",
    "client_name": "Aretha Sarver",
    "appointment_type": "0X9J4ZX",
    "duration": 17,
    "revenue": 85,
    "cost": 34,
    "practitioner_id": 3
  },
  {
    "id": 701,
    "date": "6/9/2018",
    "client_name": "Bibi Paumier",
    "appointment_type": "0S9N00Z",
    "duration": 21,
    "revenue": 51,
    "cost": 34,
    "practitioner_id": 7
  },
  {
    "id": 702,
    "date": "5/7/2018",
    "client_name": "Janel Phebee",
    "appointment_type": "0DP68CZ",
    "duration": 14,
    "revenue": 72,
    "cost": 11,
    "practitioner_id": 3
  },
  {
    "id": 703,
    "date": "11/19/2017",
    "client_name": "Darrick Whatham",
    "appointment_type": "03740DZ",
    "duration": 31,
    "revenue": 55,
    "cost": 28,
    "practitioner_id": 8
  },
  {
    "id": 704,
    "date": "8/31/2018",
    "client_name": "Joannes Blankhorn",
    "appointment_type": "0DL43CZ",
    "duration": 57,
    "revenue": 72,
    "cost": 11,
    "practitioner_id": 3
  },
  {
    "id": 705,
    "date": "6/18/2018",
    "client_name": "Rasla Du Fray",
    "appointment_type": "DDY57ZZ",
    "duration": 57,
    "revenue": 95,
    "cost": 10,
    "practitioner_id": 2
  },
  {
    "id": 706,
    "date": "8/6/2018",
    "client_name": "Jodee Dmitrienko",
    "appointment_type": "DDY07ZZ",
    "duration": 36,
    "revenue": 52,
    "cost": 27,
    "practitioner_id": 4
  },
  {
    "id": 707,
    "date": "3/30/2018",
    "client_name": "Marla Mallinder",
    "appointment_type": "01S03ZZ",
    "duration": 24,
    "revenue": 89,
    "cost": 16,
    "practitioner_id": 1
  },
  {
    "id": 708,
    "date": "3/20/2018",
    "client_name": "Lea Lyvon",
    "appointment_type": "06VM3CZ",
    "duration": 17,
    "revenue": 74,
    "cost": 33,
    "practitioner_id": 10
  },
  {
    "id": 709,
    "date": "6/29/2018",
    "client_name": "Felicio Wards",
    "appointment_type": "0KPY37Z",
    "duration": 25,
    "revenue": 89,
    "cost": 26,
    "practitioner_id": 8
  },
  {
    "id": 710,
    "date": "9/16/2018",
    "client_name": "Iggie Lassells",
    "appointment_type": "0SUQ3KZ",
    "duration": 46,
    "revenue": 84,
    "cost": 34,
    "practitioner_id": 10
  },
  {
    "id": 711,
    "date": "1/16/2018",
    "client_name": "Pietra McGonigle",
    "appointment_type": "03V50DZ",
    "duration": 55,
    "revenue": 68,
    "cost": 25,
    "practitioner_id": 10
  },
  {
    "id": 712,
    "date": "10/27/2017",
    "client_name": "Tommy Danhel",
    "appointment_type": "D91FB8Z",
    "duration": 40,
    "revenue": 67,
    "cost": 29,
    "practitioner_id": 4
  },
  {
    "id": 713,
    "date": "6/12/2018",
    "client_name": "Joe Digginson",
    "appointment_type": "0DWR4MZ",
    "duration": 21,
    "revenue": 75,
    "cost": 20,
    "practitioner_id": 3
  },
  {
    "id": 714,
    "date": "2/16/2018",
    "client_name": "Krystalle Hintzer",
    "appointment_type": "03VB3CZ",
    "duration": 14,
    "revenue": 65,
    "cost": 29,
    "practitioner_id": 8
  },
  {
    "id": 715,
    "date": "6/10/2018",
    "client_name": "Bridie Emmins",
    "appointment_type": "02H70MZ",
    "duration": 54,
    "revenue": 77,
    "cost": 35,
    "practitioner_id": 9
  },
  {
    "id": 716,
    "date": "2/12/2018",
    "client_name": "Mirna Maybury",
    "appointment_type": "0JWT0NZ",
    "duration": 15,
    "revenue": 62,
    "cost": 30,
    "practitioner_id": 5
  },
  {
    "id": 717,
    "date": "8/19/2018",
    "client_name": "Meir Flight",
    "appointment_type": "079H4ZX",
    "duration": 45,
    "revenue": 54,
    "cost": 37,
    "practitioner_id": 1
  },
  {
    "id": 718,
    "date": "1/12/2018",
    "client_name": "Giovanna McMychem",
    "appointment_type": "06BD4ZZ",
    "duration": 15,
    "revenue": 78,
    "cost": 33,
    "practitioner_id": 7
  },
  {
    "id": 719,
    "date": "8/25/2018",
    "client_name": "Gearard Housden",
    "appointment_type": "037Y4DZ",
    "duration": 59,
    "revenue": 54,
    "cost": 27,
    "practitioner_id": 7
  },
  {
    "id": 720,
    "date": "4/30/2018",
    "client_name": "Vladamir Lemmens",
    "appointment_type": "F01M6ZZ",
    "duration": 27,
    "revenue": 85,
    "cost": 10,
    "practitioner_id": 9
  },
  {
    "id": 721,
    "date": "11/17/2017",
    "client_name": "Tansy Underhill",
    "appointment_type": "B51SYZZ",
    "duration": 36,
    "revenue": 68,
    "cost": 30,
    "practitioner_id": 9
  },
  {
    "id": 722,
    "date": "2/3/2018",
    "client_name": "Gilemette Cona",
    "appointment_type": "021X4JP",
    "duration": 41,
    "revenue": 98,
    "cost": 32,
    "practitioner_id": 7
  },
  {
    "id": 723,
    "date": "2/17/2018",
    "client_name": "Liane Aubrun",
    "appointment_type": "0SP2X3Z",
    "duration": 26,
    "revenue": 78,
    "cost": 14,
    "practitioner_id": 2
  },
  {
    "id": 724,
    "date": "3/12/2018",
    "client_name": "Avis Curl",
    "appointment_type": "B34JZZZ",
    "duration": 57,
    "revenue": 85,
    "cost": 25,
    "practitioner_id": 2
  },
  {
    "id": 725,
    "date": "6/12/2018",
    "client_name": "Edgardo Drew",
    "appointment_type": "0RWR48Z",
    "duration": 12,
    "revenue": 91,
    "cost": 32,
    "practitioner_id": 3
  },
  {
    "id": 726,
    "date": "2/12/2018",
    "client_name": "Celestyn Pinchback",
    "appointment_type": "061H4AY",
    "duration": 56,
    "revenue": 60,
    "cost": 14,
    "practitioner_id": 3
  },
  {
    "id": 727,
    "date": "6/14/2018",
    "client_name": "Tilly Edmand",
    "appointment_type": "0SH30BZ",
    "duration": 24,
    "revenue": 80,
    "cost": 10,
    "practitioner_id": 1
  },
  {
    "id": 728,
    "date": "12/27/2017",
    "client_name": "Winston Lissimore",
    "appointment_type": "0F924ZX",
    "duration": 53,
    "revenue": 76,
    "cost": 24,
    "practitioner_id": 5
  },
  {
    "id": 729,
    "date": "10/19/2017",
    "client_name": "Dede Jiricka",
    "appointment_type": "02B70ZZ",
    "duration": 29,
    "revenue": 51,
    "cost": 15,
    "practitioner_id": 7
  },
  {
    "id": 730,
    "date": "8/16/2018",
    "client_name": "Alphonso Cordie",
    "appointment_type": "09TD0ZZ",
    "duration": 27,
    "revenue": 82,
    "cost": 18,
    "practitioner_id": 5
  },
  {
    "id": 731,
    "date": "12/3/2017",
    "client_name": "Emelina Gay",
    "appointment_type": "08P003Z",
    "duration": 28,
    "revenue": 87,
    "cost": 22,
    "practitioner_id": 1
  },
  {
    "id": 732,
    "date": "3/12/2018",
    "client_name": "Lucho Forestall",
    "appointment_type": "095N0ZZ",
    "duration": 45,
    "revenue": 67,
    "cost": 19,
    "practitioner_id": 1
  },
  {
    "id": 733,
    "date": "7/4/2018",
    "client_name": "Sly Sandcroft",
    "appointment_type": "B50D1ZZ",
    "duration": 30,
    "revenue": 91,
    "cost": 35,
    "practitioner_id": 6
  },
  {
    "id": 734,
    "date": "1/19/2018",
    "client_name": "Burtie Millington",
    "appointment_type": "07L60CZ",
    "duration": 39,
    "revenue": 66,
    "cost": 31,
    "practitioner_id": 3
  },
  {
    "id": 735,
    "date": "8/12/2018",
    "client_name": "Andreana McLukie",
    "appointment_type": "0KB24ZX",
    "duration": 10,
    "revenue": 91,
    "cost": 15,
    "practitioner_id": 10
  },
  {
    "id": 736,
    "date": "9/8/2018",
    "client_name": "Corrinne Springett",
    "appointment_type": "03WYXDZ",
    "duration": 46,
    "revenue": 87,
    "cost": 14,
    "practitioner_id": 2
  },
  {
    "id": 737,
    "date": "9/16/2018",
    "client_name": "Daron Baxstair",
    "appointment_type": "4A0B7BZ",
    "duration": 44,
    "revenue": 71,
    "cost": 30,
    "practitioner_id": 1
  },
  {
    "id": 738,
    "date": "3/25/2018",
    "client_name": "Carolina Perren",
    "appointment_type": "0XJ63ZZ",
    "duration": 44,
    "revenue": 51,
    "cost": 23,
    "practitioner_id": 2
  },
  {
    "id": 739,
    "date": "7/6/2018",
    "client_name": "Sandor Fantonetti",
    "appointment_type": "07UK0KZ",
    "duration": 56,
    "revenue": 55,
    "cost": 37,
    "practitioner_id": 6
  },
  {
    "id": 740,
    "date": "2/23/2018",
    "client_name": "Katrine Bonnell",
    "appointment_type": "06NH4ZZ",
    "duration": 19,
    "revenue": 97,
    "cost": 34,
    "practitioner_id": 9
  },
  {
    "id": 741,
    "date": "7/13/2018",
    "client_name": "Charmian Lubomirski",
    "appointment_type": "087",
    "duration": 17,
    "revenue": 73,
    "cost": 18,
    "practitioner_id": 4
  },
  {
    "id": 742,
    "date": "12/25/2017",
    "client_name": "Pris Roobottom",
    "appointment_type": "08W03KZ",
    "duration": 41,
    "revenue": 66,
    "cost": 32,
    "practitioner_id": 9
  },
  {
    "id": 743,
    "date": "3/23/2018",
    "client_name": "Thatch Mannagh",
    "appointment_type": "0WPKX7Z",
    "duration": 49,
    "revenue": 75,
    "cost": 18,
    "practitioner_id": 8
  },
  {
    "id": 744,
    "date": "6/11/2018",
    "client_name": "Adey Blackmuir",
    "appointment_type": "F0722UZ",
    "duration": 28,
    "revenue": 99,
    "cost": 24,
    "practitioner_id": 2
  },
  {
    "id": 745,
    "date": "6/24/2018",
    "client_name": "Dallis Stoeckle",
    "appointment_type": "0RN4XZZ",
    "duration": 30,
    "revenue": 67,
    "cost": 38,
    "practitioner_id": 4
  },
  {
    "id": 746,
    "date": "12/31/2017",
    "client_name": "Tracie McCutheon",
    "appointment_type": "0SP837Z",
    "duration": 22,
    "revenue": 83,
    "cost": 16,
    "practitioner_id": 8
  },
  {
    "id": 747,
    "date": "9/30/2017",
    "client_name": "Camellia Tappington",
    "appointment_type": "08P00DZ",
    "duration": 52,
    "revenue": 55,
    "cost": 34,
    "practitioner_id": 1
  },
  {
    "id": 748,
    "date": "12/6/2017",
    "client_name": "Binny Kedge",
    "appointment_type": "0U9JX0Z",
    "duration": 50,
    "revenue": 92,
    "cost": 35,
    "practitioner_id": 7
  },
  {
    "id": 749,
    "date": "1/4/2018",
    "client_name": "Edy Peasegood",
    "appointment_type": "0L883ZZ",
    "duration": 16,
    "revenue": 70,
    "cost": 15,
    "practitioner_id": 7
  },
  {
    "id": 750,
    "date": "11/18/2017",
    "client_name": "Pia Frary",
    "appointment_type": "0RBB3ZX",
    "duration": 58,
    "revenue": 76,
    "cost": 14,
    "practitioner_id": 1
  },
  {
    "id": 751,
    "date": "4/14/2018",
    "client_name": "Guinevere Grevile",
    "appointment_type": "04UP07Z",
    "duration": 36,
    "revenue": 51,
    "cost": 24,
    "practitioner_id": 2
  },
  {
    "id": 752,
    "date": "6/12/2018",
    "client_name": "Marja Georgeou",
    "appointment_type": "B5031ZZ",
    "duration": 60,
    "revenue": 85,
    "cost": 19,
    "practitioner_id": 7
  },
  {
    "id": 753,
    "date": "1/24/2018",
    "client_name": "Shannon Whisson",
    "appointment_type": "0MSJ4ZZ",
    "duration": 20,
    "revenue": 68,
    "cost": 37,
    "practitioner_id": 6
  },
  {
    "id": 754,
    "date": "2/7/2018",
    "client_name": "Lynnett Burrill",
    "appointment_type": "0LUK0JZ",
    "duration": 28,
    "revenue": 61,
    "cost": 40,
    "practitioner_id": 8
  },
  {
    "id": 755,
    "date": "1/29/2018",
    "client_name": "Gerty Enrich",
    "appointment_type": "0PC00ZZ",
    "duration": 23,
    "revenue": 84,
    "cost": 36,
    "practitioner_id": 5
  },
  {
    "id": 756,
    "date": "10/25/2017",
    "client_name": "Stormy Maulin",
    "appointment_type": "0N9X30Z",
    "duration": 45,
    "revenue": 88,
    "cost": 38,
    "practitioner_id": 3
  },
  {
    "id": 757,
    "date": "2/11/2018",
    "client_name": "Bennie Leffek",
    "appointment_type": "2W2BX4Z",
    "duration": 44,
    "revenue": 69,
    "cost": 32,
    "practitioner_id": 6
  },
  {
    "id": 758,
    "date": "6/27/2018",
    "client_name": "Tucker Hatcher",
    "appointment_type": "0V1P0ZJ",
    "duration": 17,
    "revenue": 94,
    "cost": 16,
    "practitioner_id": 9
  },
  {
    "id": 759,
    "date": "3/12/2018",
    "client_name": "Camey Deakan",
    "appointment_type": "037907Z",
    "duration": 10,
    "revenue": 53,
    "cost": 40,
    "practitioner_id": 7
  },
  {
    "id": 760,
    "date": "4/28/2018",
    "client_name": "Dalis Eakley",
    "appointment_type": "0TF30ZZ",
    "duration": 38,
    "revenue": 71,
    "cost": 36,
    "practitioner_id": 8
  },
  {
    "id": 761,
    "date": "12/21/2017",
    "client_name": "Emalia Silbert",
    "appointment_type": "0Q9040Z",
    "duration": 38,
    "revenue": 84,
    "cost": 35,
    "practitioner_id": 4
  },
  {
    "id": 762,
    "date": "9/5/2018",
    "client_name": "Sheppard Robjents",
    "appointment_type": "0GC14ZZ",
    "duration": 50,
    "revenue": 90,
    "cost": 15,
    "practitioner_id": 4
  },
  {
    "id": 763,
    "date": "1/14/2018",
    "client_name": "Susi Korbmaker",
    "appointment_type": "0B9P4ZX",
    "duration": 31,
    "revenue": 52,
    "cost": 19,
    "practitioner_id": 4
  },
  {
    "id": 764,
    "date": "11/7/2017",
    "client_name": "Angie Ollerhad",
    "appointment_type": "047U046",
    "duration": 17,
    "revenue": 53,
    "cost": 33,
    "practitioner_id": 9
  },
  {
    "id": 765,
    "date": "3/19/2018",
    "client_name": "Betty Dohr",
    "appointment_type": "02QJ4ZZ",
    "duration": 15,
    "revenue": 89,
    "cost": 21,
    "practitioner_id": 7
  },
  {
    "id": 766,
    "date": "12/7/2017",
    "client_name": "Gordan Clink",
    "appointment_type": "10Q00YG",
    "duration": 38,
    "revenue": 66,
    "cost": 21,
    "practitioner_id": 4
  },
  {
    "id": 767,
    "date": "5/18/2018",
    "client_name": "Lexi Goodday",
    "appointment_type": "0TM04ZZ",
    "duration": 15,
    "revenue": 90,
    "cost": 26,
    "practitioner_id": 10
  },
  {
    "id": 768,
    "date": "8/5/2018",
    "client_name": "Shawna Astles",
    "appointment_type": "0RG70AJ",
    "duration": 60,
    "revenue": 57,
    "cost": 35,
    "practitioner_id": 10
  },
  {
    "id": 769,
    "date": "10/21/2017",
    "client_name": "Laurens Fidgin",
    "appointment_type": "0LBF3ZX",
    "duration": 59,
    "revenue": 75,
    "cost": 11,
    "practitioner_id": 7
  },
  {
    "id": 770,
    "date": "2/12/2018",
    "client_name": "Dorian Grelak",
    "appointment_type": "04104K7",
    "duration": 17,
    "revenue": 99,
    "cost": 18,
    "practitioner_id": 6
  },
  {
    "id": 771,
    "date": "10/26/2017",
    "client_name": "Magdaia Goldsbury",
    "appointment_type": "03H34DZ",
    "duration": 60,
    "revenue": 86,
    "cost": 25,
    "practitioner_id": 5
  },
  {
    "id": 772,
    "date": "3/23/2018",
    "client_name": "Durant Rawdall",
    "appointment_type": "02TM0ZZ",
    "duration": 60,
    "revenue": 99,
    "cost": 31,
    "practitioner_id": 8
  },
  {
    "id": 773,
    "date": "6/19/2018",
    "client_name": "Helenka Torrance",
    "appointment_type": "0RP933Z",
    "duration": 51,
    "revenue": 57,
    "cost": 11,
    "practitioner_id": 10
  },
  {
    "id": 774,
    "date": "5/26/2018",
    "client_name": "Louis Wicks",
    "appointment_type": "3E0V3NZ",
    "duration": 21,
    "revenue": 81,
    "cost": 22,
    "practitioner_id": 10
  },
  {
    "id": 775,
    "date": "3/17/2018",
    "client_name": "Cristionna Rattenberie",
    "appointment_type": "03LP0DZ",
    "duration": 38,
    "revenue": 90,
    "cost": 39,
    "practitioner_id": 3
  },
  {
    "id": 776,
    "date": "12/12/2017",
    "client_name": "Alastair Bezants",
    "appointment_type": "041E49G",
    "duration": 28,
    "revenue": 76,
    "cost": 15,
    "practitioner_id": 6
  },
  {
    "id": 777,
    "date": "10/21/2017",
    "client_name": "Melodie Gillam",
    "appointment_type": "0212444",
    "duration": 27,
    "revenue": 90,
    "cost": 38,
    "practitioner_id": 4
  },
  {
    "id": 778,
    "date": "7/3/2018",
    "client_name": "Leanor Whybray",
    "appointment_type": "0G9N0ZX",
    "duration": 39,
    "revenue": 55,
    "cost": 37,
    "practitioner_id": 9
  },
  {
    "id": 779,
    "date": "6/8/2018",
    "client_name": "Gideon Miliffe",
    "appointment_type": "0QBM4ZX",
    "duration": 54,
    "revenue": 66,
    "cost": 29,
    "practitioner_id": 4
  },
  {
    "id": 780,
    "date": "8/26/2018",
    "client_name": "Jaymie Iacoboni",
    "appointment_type": "0R5W0ZZ",
    "duration": 27,
    "revenue": 98,
    "cost": 31,
    "practitioner_id": 5
  },
  {
    "id": 781,
    "date": "6/23/2018",
    "client_name": "Crawford Leadbeatter",
    "appointment_type": "BQ30Y0Z",
    "duration": 35,
    "revenue": 54,
    "cost": 39,
    "practitioner_id": 10
  },
  {
    "id": 782,
    "date": "10/12/2017",
    "client_name": "Loralyn Epinay",
    "appointment_type": "0HCNXZZ",
    "duration": 16,
    "revenue": 55,
    "cost": 27,
    "practitioner_id": 2
  },
  {
    "id": 783,
    "date": "5/29/2018",
    "client_name": "Corette Simonaitis",
    "appointment_type": "0QRM3KZ",
    "duration": 13,
    "revenue": 80,
    "cost": 33,
    "practitioner_id": 5
  },
  {
    "id": 784,
    "date": "1/30/2018",
    "client_name": "Devora Phethean",
    "appointment_type": "047334Z",
    "duration": 15,
    "revenue": 82,
    "cost": 29,
    "practitioner_id": 8
  },
  {
    "id": 785,
    "date": "10/6/2017",
    "client_name": "Marylee Worshall",
    "appointment_type": "0WPD43Z",
    "duration": 26,
    "revenue": 65,
    "cost": 30,
    "practitioner_id": 2
  },
  {
    "id": 786,
    "date": "1/2/2018",
    "client_name": "Webster McKniely",
    "appointment_type": "0PHG3BZ",
    "duration": 21,
    "revenue": 68,
    "cost": 29,
    "practitioner_id": 5
  },
  {
    "id": 787,
    "date": "7/29/2018",
    "client_name": "Jackqueline Farans",
    "appointment_type": "0KU54JZ",
    "duration": 47,
    "revenue": 53,
    "cost": 24,
    "practitioner_id": 1
  },
  {
    "id": 788,
    "date": "11/16/2017",
    "client_name": "Perkin Mohammed",
    "appointment_type": "0CTW0Z2",
    "duration": 18,
    "revenue": 99,
    "cost": 36,
    "practitioner_id": 5
  },
  {
    "id": 789,
    "date": "5/25/2018",
    "client_name": "Mathian Duberry",
    "appointment_type": "091D0K0",
    "duration": 36,
    "revenue": 100,
    "cost": 27,
    "practitioner_id": 9
  },
  {
    "id": 790,
    "date": "11/29/2017",
    "client_name": "Stephen Stoddard",
    "appointment_type": "07PL4KZ",
    "duration": 52,
    "revenue": 71,
    "cost": 12,
    "practitioner_id": 4
  },
  {
    "id": 791,
    "date": "9/27/2017",
    "client_name": "Adelheid Bonevant",
    "appointment_type": "03723F6",
    "duration": 41,
    "revenue": 96,
    "cost": 30,
    "practitioner_id": 3
  },
  {
    "id": 792,
    "date": "9/13/2018",
    "client_name": "Brandea Grigoriscu",
    "appointment_type": "0D9900Z",
    "duration": 56,
    "revenue": 51,
    "cost": 22,
    "practitioner_id": 9
  },
  {
    "id": 793,
    "date": "4/23/2018",
    "client_name": "Edmon Romain",
    "appointment_type": "02VT4ZZ",
    "duration": 57,
    "revenue": 62,
    "cost": 18,
    "practitioner_id": 6
  },
  {
    "id": 794,
    "date": "11/18/2017",
    "client_name": "Thea Trewartha",
    "appointment_type": "2W03X2Z",
    "duration": 60,
    "revenue": 72,
    "cost": 15,
    "practitioner_id": 6
  },
  {
    "id": 795,
    "date": "9/14/2018",
    "client_name": "Monica Looker",
    "appointment_type": "07B33ZX",
    "duration": 34,
    "revenue": 92,
    "cost": 26,
    "practitioner_id": 7
  },
  {
    "id": 796,
    "date": "6/3/2018",
    "client_name": "Alexia O'Rafferty",
    "appointment_type": "0R5S3ZZ",
    "duration": 19,
    "revenue": 86,
    "cost": 13,
    "practitioner_id": 4
  },
  {
    "id": 797,
    "date": "5/13/2018",
    "client_name": "Maible Fleckness",
    "appointment_type": "02PA08Z",
    "duration": 29,
    "revenue": 88,
    "cost": 29,
    "practitioner_id": 5
  },
  {
    "id": 798,
    "date": "5/3/2018",
    "client_name": "Tatum Westrip",
    "appointment_type": "0VBQ3ZX",
    "duration": 32,
    "revenue": 71,
    "cost": 16,
    "practitioner_id": 8
  },
  {
    "id": 799,
    "date": "2/2/2018",
    "client_name": "Birk Sagg",
    "appointment_type": "0DW64MZ",
    "duration": 60,
    "revenue": 75,
    "cost": 24,
    "practitioner_id": 1
  },
  {
    "id": 800,
    "date": "9/22/2018",
    "client_name": "Martyn Chiese",
    "appointment_type": "0RWV08Z",
    "duration": 13,
    "revenue": 93,
    "cost": 29,
    "practitioner_id": 1
  },
  {
    "id": 801,
    "date": "6/13/2018",
    "client_name": "Olga Kleinhandler",
    "appointment_type": "099N80Z",
    "duration": 14,
    "revenue": 69,
    "cost": 29,
    "practitioner_id": 7
  },
  {
    "id": 802,
    "date": "5/19/2018",
    "client_name": "Teddie Kitteman",
    "appointment_type": "069700Z",
    "duration": 53,
    "revenue": 79,
    "cost": 25,
    "practitioner_id": 9
  },
  {
    "id": 803,
    "date": "6/2/2018",
    "client_name": "Belinda Gravey",
    "appointment_type": "0RU647Z",
    "duration": 12,
    "revenue": 68,
    "cost": 34,
    "practitioner_id": 4
  },
  {
    "id": 804,
    "date": "6/30/2018",
    "client_name": "Onfroi Tilt",
    "appointment_type": "0CBWXZ2",
    "duration": 60,
    "revenue": 78,
    "cost": 16,
    "practitioner_id": 7
  },
  {
    "id": 805,
    "date": "2/28/2018",
    "client_name": "Carlynn Bruster",
    "appointment_type": "0U15079",
    "duration": 49,
    "revenue": 67,
    "cost": 37,
    "practitioner_id": 7
  },
  {
    "id": 806,
    "date": "4/21/2018",
    "client_name": "Roanna Frounks",
    "appointment_type": "05NA4ZZ",
    "duration": 33,
    "revenue": 55,
    "cost": 24,
    "practitioner_id": 5
  },
  {
    "id": 807,
    "date": "8/4/2018",
    "client_name": "Madelaine Hurlin",
    "appointment_type": "0H5X8ZZ",
    "duration": 43,
    "revenue": 64,
    "cost": 17,
    "practitioner_id": 7
  },
  {
    "id": 808,
    "date": "8/10/2018",
    "client_name": "Elise Nisbith",
    "appointment_type": "F00Z5KZ",
    "duration": 43,
    "revenue": 72,
    "cost": 32,
    "practitioner_id": 10
  },
  {
    "id": 809,
    "date": "1/3/2018",
    "client_name": "Chevy Lindermann",
    "appointment_type": "0LUM4KZ",
    "duration": 40,
    "revenue": 98,
    "cost": 11,
    "practitioner_id": 4
  },
  {
    "id": 810,
    "date": "12/23/2017",
    "client_name": "Valentino Milliere",
    "appointment_type": "0CRN0JZ",
    "duration": 58,
    "revenue": 72,
    "cost": 30,
    "practitioner_id": 2
  },
  {
    "id": 811,
    "date": "4/1/2018",
    "client_name": "Harriet Dolan",
    "appointment_type": "0QPK0KZ",
    "duration": 42,
    "revenue": 59,
    "cost": 39,
    "practitioner_id": 10
  },
  {
    "id": 812,
    "date": "11/20/2017",
    "client_name": "Moishe Cansdall",
    "appointment_type": "0CSWX52",
    "duration": 36,
    "revenue": 83,
    "cost": 27,
    "practitioner_id": 1
  },
  {
    "id": 813,
    "date": "5/12/2018",
    "client_name": "Nikolos Hill",
    "appointment_type": "0PP137Z",
    "duration": 26,
    "revenue": 66,
    "cost": 11,
    "practitioner_id": 4
  },
  {
    "id": 814,
    "date": "11/6/2017",
    "client_name": "Jacinta Beszant",
    "appointment_type": "B31JZZZ",
    "duration": 56,
    "revenue": 74,
    "cost": 10,
    "practitioner_id": 1
  },
  {
    "id": 815,
    "date": "3/5/2018",
    "client_name": "Gawain Ronci",
    "appointment_type": "0L954ZX",
    "duration": 27,
    "revenue": 96,
    "cost": 17,
    "practitioner_id": 8
  },
  {
    "id": 816,
    "date": "10/14/2017",
    "client_name": "Micky Onge",
    "appointment_type": "CW1DGZZ",
    "duration": 30,
    "revenue": 84,
    "cost": 38,
    "practitioner_id": 4
  },
  {
    "id": 817,
    "date": "1/11/2018",
    "client_name": "Baxy O'Carmody",
    "appointment_type": "0H9KXZZ",
    "duration": 28,
    "revenue": 68,
    "cost": 10,
    "practitioner_id": 9
  },
  {
    "id": 818,
    "date": "4/9/2018",
    "client_name": "Venus Moodie",
    "appointment_type": "0BB44ZZ",
    "duration": 52,
    "revenue": 88,
    "cost": 30,
    "practitioner_id": 9
  },
  {
    "id": 819,
    "date": "10/19/2017",
    "client_name": "Martguerita Woodland",
    "appointment_type": "04VK3DZ",
    "duration": 54,
    "revenue": 82,
    "cost": 13,
    "practitioner_id": 9
  },
  {
    "id": 820,
    "date": "3/20/2018",
    "client_name": "Toinette Ardley",
    "appointment_type": "0X6K0Z4",
    "duration": 17,
    "revenue": 80,
    "cost": 11,
    "practitioner_id": 3
  },
  {
    "id": 821,
    "date": "7/25/2018",
    "client_name": "Gifford Bowser",
    "appointment_type": "0QNN0ZZ",
    "duration": 40,
    "revenue": 89,
    "cost": 14,
    "practitioner_id": 7
  },
  {
    "id": 822,
    "date": "11/24/2017",
    "client_name": "Fifine Corey",
    "appointment_type": "0MB23ZZ",
    "duration": 18,
    "revenue": 79,
    "cost": 30,
    "practitioner_id": 1
  },
  {
    "id": 823,
    "date": "7/3/2018",
    "client_name": "Marti Kraut",
    "appointment_type": "0B9630Z",
    "duration": 34,
    "revenue": 77,
    "cost": 18,
    "practitioner_id": 9
  },
  {
    "id": 824,
    "date": "1/6/2018",
    "client_name": "Merrel Bravington",
    "appointment_type": "0SPD03Z",
    "duration": 37,
    "revenue": 58,
    "cost": 13,
    "practitioner_id": 1
  },
  {
    "id": 825,
    "date": "10/17/2017",
    "client_name": "Roberto Hempshall",
    "appointment_type": "01QF3ZZ",
    "duration": 45,
    "revenue": 64,
    "cost": 18,
    "practitioner_id": 8
  },
  {
    "id": 826,
    "date": "7/14/2018",
    "client_name": "Antonia Nana",
    "appointment_type": "0QH836Z",
    "duration": 44,
    "revenue": 90,
    "cost": 18,
    "practitioner_id": 1
  },
  {
    "id": 827,
    "date": "5/31/2018",
    "client_name": "Nertie Molloy",
    "appointment_type": "CP2H1ZZ",
    "duration": 39,
    "revenue": 88,
    "cost": 16,
    "practitioner_id": 2
  },
  {
    "id": 828,
    "date": "5/31/2018",
    "client_name": "Budd Connock",
    "appointment_type": "0QRK47Z",
    "duration": 41,
    "revenue": 70,
    "cost": 34,
    "practitioner_id": 2
  },
  {
    "id": 829,
    "date": "12/23/2017",
    "client_name": "Bea Senecaut",
    "appointment_type": "041F499",
    "duration": 55,
    "revenue": 56,
    "cost": 24,
    "practitioner_id": 1
  },
  {
    "id": 830,
    "date": "11/26/2017",
    "client_name": "Rica Atley",
    "appointment_type": "03LK3CZ",
    "duration": 19,
    "revenue": 51,
    "cost": 22,
    "practitioner_id": 2
  },
  {
    "id": 831,
    "date": "7/11/2018",
    "client_name": "Lisha Bricknall",
    "appointment_type": "CW20DZZ",
    "duration": 57,
    "revenue": 52,
    "cost": 28,
    "practitioner_id": 5
  },
  {
    "id": 832,
    "date": "8/20/2018",
    "client_name": "Elvyn Berling",
    "appointment_type": "0C9B30Z",
    "duration": 35,
    "revenue": 60,
    "cost": 17,
    "practitioner_id": 1
  },
  {
    "id": 833,
    "date": "9/7/2018",
    "client_name": "Orsola Ilden",
    "appointment_type": "05LF4DZ",
    "duration": 11,
    "revenue": 57,
    "cost": 37,
    "practitioner_id": 2
  },
  {
    "id": 834,
    "date": "6/13/2018",
    "client_name": "Giffard Upward",
    "appointment_type": "0B978ZZ",
    "duration": 14,
    "revenue": 72,
    "cost": 24,
    "practitioner_id": 1
  },
  {
    "id": 835,
    "date": "2/1/2018",
    "client_name": "Winonah Eagger",
    "appointment_type": "BD15YZZ",
    "duration": 28,
    "revenue": 71,
    "cost": 37,
    "practitioner_id": 9
  },
  {
    "id": 836,
    "date": "9/12/2018",
    "client_name": "Misti Follos",
    "appointment_type": "0C9H3ZX",
    "duration": 29,
    "revenue": 75,
    "cost": 29,
    "practitioner_id": 2
  },
  {
    "id": 837,
    "date": "6/9/2018",
    "client_name": "Kylie Pickrell",
    "appointment_type": "0M943ZZ",
    "duration": 10,
    "revenue": 53,
    "cost": 27,
    "practitioner_id": 9
  },
  {
    "id": 838,
    "date": "6/7/2018",
    "client_name": "Anastassia Knowles",
    "appointment_type": "04V30CZ",
    "duration": 60,
    "revenue": 85,
    "cost": 37,
    "practitioner_id": 3
  },
  {
    "id": 839,
    "date": "7/5/2018",
    "client_name": "Lombard Poundford",
    "appointment_type": "0BU907Z",
    "duration": 47,
    "revenue": 50,
    "cost": 15,
    "practitioner_id": 10
  },
  {
    "id": 840,
    "date": "4/23/2018",
    "client_name": "Fabio Grimwood",
    "appointment_type": "00XL0ZJ",
    "duration": 26,
    "revenue": 59,
    "cost": 24,
    "practitioner_id": 7
  },
  {
    "id": 841,
    "date": "6/13/2018",
    "client_name": "Bogart Hambatch",
    "appointment_type": "03140A0",
    "duration": 44,
    "revenue": 68,
    "cost": 20,
    "practitioner_id": 3
  },
  {
    "id": 842,
    "date": "12/13/2017",
    "client_name": "Reggis Henstone",
    "appointment_type": "089N0ZX",
    "duration": 57,
    "revenue": 58,
    "cost": 33,
    "practitioner_id": 8
  },
  {
    "id": 843,
    "date": "11/9/2017",
    "client_name": "Valdemar Melburg",
    "appointment_type": "0RHR34Z",
    "duration": 35,
    "revenue": 73,
    "cost": 31,
    "practitioner_id": 3
  },
  {
    "id": 844,
    "date": "12/25/2017",
    "client_name": "Chet Sallans",
    "appointment_type": "03QP4ZZ",
    "duration": 49,
    "revenue": 77,
    "cost": 19,
    "practitioner_id": 8
  },
  {
    "id": 845,
    "date": "10/12/2017",
    "client_name": "Jed Mulheron",
    "appointment_type": "F08K5YZ",
    "duration": 51,
    "revenue": 95,
    "cost": 10,
    "practitioner_id": 5
  },
  {
    "id": 846,
    "date": "7/1/2018",
    "client_name": "Harriett McFetrich",
    "appointment_type": "0QS0XZZ",
    "duration": 30,
    "revenue": 77,
    "cost": 32,
    "practitioner_id": 1
  },
  {
    "id": 847,
    "date": "12/10/2017",
    "client_name": "Gracia Bezzant",
    "appointment_type": "0XQH4ZZ",
    "duration": 52,
    "revenue": 78,
    "cost": 22,
    "practitioner_id": 5
  },
  {
    "id": 848,
    "date": "11/8/2017",
    "client_name": "Geraldine Ulyat",
    "appointment_type": "0LN0XZZ",
    "duration": 40,
    "revenue": 59,
    "cost": 32,
    "practitioner_id": 2
  },
  {
    "id": 849,
    "date": "4/8/2018",
    "client_name": "Hillel Pawlaczyk",
    "appointment_type": "0HRDX74",
    "duration": 13,
    "revenue": 55,
    "cost": 28,
    "practitioner_id": 9
  },
  {
    "id": 850,
    "date": "1/16/2018",
    "client_name": "Casey Bariball",
    "appointment_type": "0XU30JZ",
    "duration": 28,
    "revenue": 84,
    "cost": 11,
    "practitioner_id": 6
  },
  {
    "id": 851,
    "date": "2/7/2018",
    "client_name": "Husain Yurov",
    "appointment_type": "0TPB47Z",
    "duration": 33,
    "revenue": 78,
    "cost": 19,
    "practitioner_id": 4
  },
  {
    "id": 852,
    "date": "5/16/2018",
    "client_name": "Perle Bortolozzi",
    "appointment_type": "027T04Z",
    "duration": 31,
    "revenue": 74,
    "cost": 35,
    "practitioner_id": 1
  },
  {
    "id": 853,
    "date": "6/23/2018",
    "client_name": "Konstantin Claffey",
    "appointment_type": "0B5B0ZZ",
    "duration": 25,
    "revenue": 86,
    "cost": 29,
    "practitioner_id": 7
  },
  {
    "id": 854,
    "date": "6/24/2018",
    "client_name": "Vittorio Cromley",
    "appointment_type": "0HWU87Z",
    "duration": 21,
    "revenue": 88,
    "cost": 36,
    "practitioner_id": 3
  },
  {
    "id": 855,
    "date": "8/14/2018",
    "client_name": "Kaleena Tzarkov",
    "appointment_type": "0CU537Z",
    "duration": 56,
    "revenue": 58,
    "cost": 34,
    "practitioner_id": 9
  },
  {
    "id": 856,
    "date": "3/15/2018",
    "client_name": "Emmett Willavize",
    "appointment_type": "03PY3CZ",
    "duration": 52,
    "revenue": 93,
    "cost": 24,
    "practitioner_id": 7
  },
  {
    "id": 857,
    "date": "7/14/2018",
    "client_name": "Sula Watsham",
    "appointment_type": "0QUF3JZ",
    "duration": 33,
    "revenue": 69,
    "cost": 27,
    "practitioner_id": 2
  },
  {
    "id": 858,
    "date": "8/25/2018",
    "client_name": "Blair Lelliott",
    "appointment_type": "037U0DZ",
    "duration": 60,
    "revenue": 72,
    "cost": 34,
    "practitioner_id": 7
  },
  {
    "id": 859,
    "date": "8/12/2018",
    "client_name": "Charlene Illiston",
    "appointment_type": "0CR1XJZ",
    "duration": 43,
    "revenue": 95,
    "cost": 12,
    "practitioner_id": 4
  },
  {
    "id": 860,
    "date": "5/23/2018",
    "client_name": "Meridel Anshell",
    "appointment_type": "04VQ4ZZ",
    "duration": 36,
    "revenue": 75,
    "cost": 36,
    "practitioner_id": 10
  },
  {
    "id": 861,
    "date": "2/1/2018",
    "client_name": "Lamar Wilcher",
    "appointment_type": "0RSG3ZZ",
    "duration": 39,
    "revenue": 88,
    "cost": 26,
    "practitioner_id": 1
  },
  {
    "id": 862,
    "date": "9/8/2018",
    "client_name": "Jase Brimblecomb",
    "appointment_type": "0LN33ZZ",
    "duration": 47,
    "revenue": 67,
    "cost": 38,
    "practitioner_id": 6
  },
  {
    "id": 863,
    "date": "1/22/2018",
    "client_name": "Milt Bassingham",
    "appointment_type": "0PW6X7Z",
    "duration": 34,
    "revenue": 79,
    "cost": 39,
    "practitioner_id": 10
  },
  {
    "id": 864,
    "date": "1/12/2018",
    "client_name": "Ravid Pennyman",
    "appointment_type": "0NRG47Z",
    "duration": 54,
    "revenue": 90,
    "cost": 12,
    "practitioner_id": 5
  },
  {
    "id": 865,
    "date": "1/19/2018",
    "client_name": "Hugues O'Dempsey",
    "appointment_type": "031J0KK",
    "duration": 17,
    "revenue": 56,
    "cost": 25,
    "practitioner_id": 10
  },
  {
    "id": 866,
    "date": "11/15/2017",
    "client_name": "Lesly Cohalan",
    "appointment_type": "08UH07Z",
    "duration": 50,
    "revenue": 59,
    "cost": 19,
    "practitioner_id": 7
  },
  {
    "id": 867,
    "date": "7/20/2018",
    "client_name": "Sam Goult",
    "appointment_type": "0SPQ04Z",
    "duration": 35,
    "revenue": 74,
    "cost": 17,
    "practitioner_id": 3
  },
  {
    "id": 868,
    "date": "6/18/2018",
    "client_name": "Bidget Harlow",
    "appointment_type": "0F194Z4",
    "duration": 17,
    "revenue": 82,
    "cost": 24,
    "practitioner_id": 6
  },
  {
    "id": 869,
    "date": "4/1/2018",
    "client_name": "Tome Bartosek",
    "appointment_type": "047H476",
    "duration": 30,
    "revenue": 69,
    "cost": 28,
    "practitioner_id": 9
  },
  {
    "id": 870,
    "date": "3/17/2018",
    "client_name": "Ryley Snalham",
    "appointment_type": "3E0U0GB",
    "duration": 31,
    "revenue": 65,
    "cost": 30,
    "practitioner_id": 3
  },
  {
    "id": 871,
    "date": "11/24/2017",
    "client_name": "Nedi Thorold",
    "appointment_type": "0FWB4DZ",
    "duration": 14,
    "revenue": 94,
    "cost": 29,
    "practitioner_id": 3
  },
  {
    "id": 872,
    "date": "11/1/2017",
    "client_name": "Moyna Sinnott",
    "appointment_type": "09UM0JZ",
    "duration": 51,
    "revenue": 56,
    "cost": 28,
    "practitioner_id": 2
  },
  {
    "id": 873,
    "date": "8/6/2018",
    "client_name": "Ericka Kloster",
    "appointment_type": "04BQ0ZZ",
    "duration": 41,
    "revenue": 76,
    "cost": 29,
    "practitioner_id": 7
  },
  {
    "id": 874,
    "date": "7/4/2018",
    "client_name": "Bernice Steane",
    "appointment_type": "0SR90JZ",
    "duration": 37,
    "revenue": 58,
    "cost": 29,
    "practitioner_id": 7
  },
  {
    "id": 875,
    "date": "1/4/2018",
    "client_name": "Hyacinthe Kinset",
    "appointment_type": "041E0JJ",
    "duration": 57,
    "revenue": 76,
    "cost": 12,
    "practitioner_id": 4
  },
  {
    "id": 876,
    "date": "8/14/2018",
    "client_name": "Chrysa Elkington",
    "appointment_type": "3E0F8KZ",
    "duration": 58,
    "revenue": 61,
    "cost": 14,
    "practitioner_id": 5
  },
  {
    "id": 877,
    "date": "10/15/2017",
    "client_name": "Bonni Pughe",
    "appointment_type": "01BD3ZX",
    "duration": 41,
    "revenue": 88,
    "cost": 16,
    "practitioner_id": 6
  },
  {
    "id": 878,
    "date": "1/3/2018",
    "client_name": "Tuck Kilgallen",
    "appointment_type": "0QU007Z",
    "duration": 55,
    "revenue": 54,
    "cost": 34,
    "practitioner_id": 1
  },
  {
    "id": 879,
    "date": "10/18/2017",
    "client_name": "Felipe Gerritsma",
    "appointment_type": "0RHP08Z",
    "duration": 12,
    "revenue": 57,
    "cost": 36,
    "practitioner_id": 8
  },
  {
    "id": 880,
    "date": "5/21/2018",
    "client_name": "Jock Donhardt",
    "appointment_type": "0W933ZX",
    "duration": 51,
    "revenue": 62,
    "cost": 36,
    "practitioner_id": 8
  },
  {
    "id": 881,
    "date": "1/3/2018",
    "client_name": "Pia Hinstridge",
    "appointment_type": "02HN3JZ",
    "duration": 47,
    "revenue": 51,
    "cost": 10,
    "practitioner_id": 5
  },
  {
    "id": 882,
    "date": "9/3/2018",
    "client_name": "Trixie Carlozzi",
    "appointment_type": "0MQ83ZZ",
    "duration": 32,
    "revenue": 52,
    "cost": 40,
    "practitioner_id": 2
  },
  {
    "id": 883,
    "date": "7/10/2018",
    "client_name": "Baillie Benezeit",
    "appointment_type": "0PPNX4Z",
    "duration": 33,
    "revenue": 99,
    "cost": 20,
    "practitioner_id": 3
  },
  {
    "id": 884,
    "date": "8/7/2018",
    "client_name": "Freddie Labarre",
    "appointment_type": "009300Z",
    "duration": 33,
    "revenue": 50,
    "cost": 20,
    "practitioner_id": 5
  },
  {
    "id": 885,
    "date": "3/17/2018",
    "client_name": "Terrijo Judkin",
    "appointment_type": "03UA4JZ",
    "duration": 55,
    "revenue": 57,
    "cost": 36,
    "practitioner_id": 9
  },
  {
    "id": 886,
    "date": "3/8/2018",
    "client_name": "Charmane Barrott",
    "appointment_type": "B42GZZZ",
    "duration": 27,
    "revenue": 66,
    "cost": 29,
    "practitioner_id": 9
  },
  {
    "id": 887,
    "date": "2/19/2018",
    "client_name": "Hertha Brugger",
    "appointment_type": "0FT44ZZ",
    "duration": 31,
    "revenue": 57,
    "cost": 35,
    "practitioner_id": 6
  },
  {
    "id": 888,
    "date": "2/24/2018",
    "client_name": "Aldin Baff",
    "appointment_type": "0VWD3JZ",
    "duration": 31,
    "revenue": 81,
    "cost": 13,
    "practitioner_id": 3
  },
  {
    "id": 889,
    "date": "2/8/2018",
    "client_name": "Eziechiele Chandler",
    "appointment_type": "0JRG0JZ",
    "duration": 24,
    "revenue": 100,
    "cost": 21,
    "practitioner_id": 8
  },
  {
    "id": 890,
    "date": "4/3/2018",
    "client_name": "Gunilla Ravenshaw",
    "appointment_type": "3E063KZ",
    "duration": 22,
    "revenue": 100,
    "cost": 34,
    "practitioner_id": 8
  },
  {
    "id": 891,
    "date": "2/20/2018",
    "client_name": "Frederich Musla",
    "appointment_type": "0SW047Z",
    "duration": 32,
    "revenue": 52,
    "cost": 33,
    "practitioner_id": 1
  },
  {
    "id": 892,
    "date": "3/9/2018",
    "client_name": "Stefan Vell",
    "appointment_type": "051M0JY",
    "duration": 59,
    "revenue": 50,
    "cost": 32,
    "practitioner_id": 8
  },
  {
    "id": 893,
    "date": "2/12/2018",
    "client_name": "Elnar Chapier",
    "appointment_type": "041C49J",
    "duration": 34,
    "revenue": 50,
    "cost": 22,
    "practitioner_id": 6
  },
  {
    "id": 894,
    "date": "8/13/2018",
    "client_name": "Liva Norsworthy",
    "appointment_type": "05HN03Z",
    "duration": 48,
    "revenue": 86,
    "cost": 28,
    "practitioner_id": 7
  },
  {
    "id": 895,
    "date": "1/4/2018",
    "client_name": "Dallon Sawter",
    "appointment_type": "0PRM4JZ",
    "duration": 31,
    "revenue": 62,
    "cost": 15,
    "practitioner_id": 4
  },
  {
    "id": 896,
    "date": "6/16/2018",
    "client_name": "Annabela Livsey",
    "appointment_type": "CW73YZZ",
    "duration": 44,
    "revenue": 54,
    "cost": 24,
    "practitioner_id": 1
  },
  {
    "id": 897,
    "date": "9/5/2018",
    "client_name": "Tim Tattersall",
    "appointment_type": "DPY08ZZ",
    "duration": 26,
    "revenue": 77,
    "cost": 23,
    "practitioner_id": 9
  },
  {
    "id": 898,
    "date": "2/27/2018",
    "client_name": "Cass Rennick",
    "appointment_type": "DH0B1ZZ",
    "duration": 36,
    "revenue": 62,
    "cost": 28,
    "practitioner_id": 10
  },
  {
    "id": 899,
    "date": "2/19/2018",
    "client_name": "Nahum Conneau",
    "appointment_type": "0V5T4ZZ",
    "duration": 19,
    "revenue": 76,
    "cost": 22,
    "practitioner_id": 5
  },
  {
    "id": 900,
    "date": "6/29/2018",
    "client_name": "Ernesto Lant",
    "appointment_type": "0WWCX1Z",
    "duration": 26,
    "revenue": 59,
    "cost": 32,
    "practitioner_id": 5
  },
  {
    "id": 901,
    "date": "8/11/2018",
    "client_name": "Darlene Garfit",
    "appointment_type": "0X9F3ZZ",
    "duration": 27,
    "revenue": 81,
    "cost": 14,
    "practitioner_id": 6
  },
  {
    "id": 902,
    "date": "3/21/2018",
    "client_name": "Rahel Ayce",
    "appointment_type": "09BX3ZX",
    "duration": 43,
    "revenue": 87,
    "cost": 25,
    "practitioner_id": 3
  },
  {
    "id": 903,
    "date": "9/27/2017",
    "client_name": "Giacinta O'Mannion",
    "appointment_type": "0CWY7KZ",
    "duration": 33,
    "revenue": 51,
    "cost": 20,
    "practitioner_id": 8
  },
  {
    "id": 904,
    "date": "3/15/2018",
    "client_name": "Bond Simmen",
    "appointment_type": "03HF33Z",
    "duration": 17,
    "revenue": 89,
    "cost": 36,
    "practitioner_id": 4
  },
  {
    "id": 905,
    "date": "3/26/2018",
    "client_name": "Gorden Coatsworth",
    "appointment_type": "01XD4ZH",
    "duration": 55,
    "revenue": 57,
    "cost": 30,
    "practitioner_id": 9
  },
  {
    "id": 906,
    "date": "3/6/2018",
    "client_name": "Cyndi Muriel",
    "appointment_type": "DT1199Z",
    "duration": 52,
    "revenue": 100,
    "cost": 16,
    "practitioner_id": 3
  },
  {
    "id": 907,
    "date": "12/31/2017",
    "client_name": "Sherline Maltby",
    "appointment_type": "0NWW3KZ",
    "duration": 13,
    "revenue": 50,
    "cost": 28,
    "practitioner_id": 2
  },
  {
    "id": 908,
    "date": "5/16/2018",
    "client_name": "Austin Robichon",
    "appointment_type": "4A030R1",
    "duration": 14,
    "revenue": 51,
    "cost": 30,
    "practitioner_id": 3
  },
  {
    "id": 909,
    "date": "9/29/2017",
    "client_name": "Derby Niland",
    "appointment_type": "0BH031Z",
    "duration": 33,
    "revenue": 71,
    "cost": 15,
    "practitioner_id": 7
  },
  {
    "id": 910,
    "date": "9/23/2018",
    "client_name": "Tallulah Beminster",
    "appointment_type": "02120AW",
    "duration": 19,
    "revenue": 96,
    "cost": 13,
    "practitioner_id": 10
  },
  {
    "id": 911,
    "date": "11/29/2017",
    "client_name": "Caro Atthowe",
    "appointment_type": "0DQV4ZZ",
    "duration": 18,
    "revenue": 75,
    "cost": 10,
    "practitioner_id": 8
  },
  {
    "id": 912,
    "date": "10/3/2017",
    "client_name": "Zollie Mangeney",
    "appointment_type": "0QWJ44Z",
    "duration": 54,
    "revenue": 75,
    "cost": 27,
    "practitioner_id": 4
  },
  {
    "id": 913,
    "date": "5/14/2018",
    "client_name": "Aluino Ogelbe",
    "appointment_type": "047W4FZ",
    "duration": 57,
    "revenue": 53,
    "cost": 35,
    "practitioner_id": 9
  },
  {
    "id": 914,
    "date": "5/31/2018",
    "client_name": "Pincas Kleisel",
    "appointment_type": "0LJY0ZZ",
    "duration": 11,
    "revenue": 50,
    "cost": 16,
    "practitioner_id": 9
  },
  {
    "id": 915,
    "date": "8/21/2018",
    "client_name": "Cy Dobing",
    "appointment_type": "0S9G0ZZ",
    "duration": 46,
    "revenue": 92,
    "cost": 32,
    "practitioner_id": 1
  },
  {
    "id": 916,
    "date": "6/6/2018",
    "client_name": "Rebecka Siebart",
    "appointment_type": "00WU40Z",
    "duration": 60,
    "revenue": 70,
    "cost": 30,
    "practitioner_id": 1
  },
  {
    "id": 917,
    "date": "3/10/2018",
    "client_name": "Constantin Beavon",
    "appointment_type": "0RWCXKZ",
    "duration": 11,
    "revenue": 93,
    "cost": 35,
    "practitioner_id": 4
  },
  {
    "id": 918,
    "date": "5/24/2018",
    "client_name": "Albert Titman",
    "appointment_type": "0M9S4ZZ",
    "duration": 29,
    "revenue": 93,
    "cost": 34,
    "practitioner_id": 4
  },
  {
    "id": 919,
    "date": "1/23/2018",
    "client_name": "Armstrong Eddins",
    "appointment_type": "04UH0JZ",
    "duration": 39,
    "revenue": 72,
    "cost": 32,
    "practitioner_id": 4
  },
  {
    "id": 920,
    "date": "1/22/2018",
    "client_name": "Meryl Hakonsson",
    "appointment_type": "0WBLXZX",
    "duration": 35,
    "revenue": 56,
    "cost": 32,
    "practitioner_id": 7
  },
  {
    "id": 921,
    "date": "1/13/2018",
    "client_name": "Dorri Bonar",
    "appointment_type": "0SB94ZZ",
    "duration": 48,
    "revenue": 85,
    "cost": 17,
    "practitioner_id": 2
  },
  {
    "id": 922,
    "date": "11/11/2017",
    "client_name": "Miguelita Notley",
    "appointment_type": "037J356",
    "duration": 37,
    "revenue": 87,
    "cost": 12,
    "practitioner_id": 9
  },
  {
    "id": 923,
    "date": "8/15/2018",
    "client_name": "Chad Benes",
    "appointment_type": "0RWEX7Z",
    "duration": 47,
    "revenue": 83,
    "cost": 27,
    "practitioner_id": 7
  },
  {
    "id": 924,
    "date": "2/3/2018",
    "client_name": "Ezechiel Parcells",
    "appointment_type": "0DUG8JZ",
    "duration": 31,
    "revenue": 90,
    "cost": 31,
    "practitioner_id": 8
  },
  {
    "id": 925,
    "date": "4/29/2018",
    "client_name": "Clemente Alishoner",
    "appointment_type": "0CRX0J2",
    "duration": 48,
    "revenue": 83,
    "cost": 21,
    "practitioner_id": 6
  },
  {
    "id": 926,
    "date": "5/9/2018",
    "client_name": "Alfredo Blomfield",
    "appointment_type": "05PY3CZ",
    "duration": 49,
    "revenue": 59,
    "cost": 37,
    "practitioner_id": 3
  },
  {
    "id": 927,
    "date": "3/18/2018",
    "client_name": "Tabbi Matous",
    "appointment_type": "0GNN4ZZ",
    "duration": 40,
    "revenue": 66,
    "cost": 24,
    "practitioner_id": 4
  },
  {
    "id": 928,
    "date": "3/8/2018",
    "client_name": "Nowell Chamberlen",
    "appointment_type": "0QPK0KZ",
    "duration": 40,
    "revenue": 85,
    "cost": 35,
    "practitioner_id": 4
  },
  {
    "id": 929,
    "date": "8/11/2018",
    "client_name": "Flossie Cattini",
    "appointment_type": "BN2F0ZZ",
    "duration": 59,
    "revenue": 86,
    "cost": 21,
    "practitioner_id": 5
  },
  {
    "id": 930,
    "date": "9/13/2018",
    "client_name": "Freddy Woodham",
    "appointment_type": "0KB84ZZ",
    "duration": 60,
    "revenue": 55,
    "cost": 26,
    "practitioner_id": 9
  },
  {
    "id": 931,
    "date": "1/28/2018",
    "client_name": "Karissa Burrell",
    "appointment_type": "0FC13ZZ",
    "duration": 60,
    "revenue": 69,
    "cost": 19,
    "practitioner_id": 10
  },
  {
    "id": 932,
    "date": "10/18/2017",
    "client_name": "Mary Lighten",
    "appointment_type": "0BBM8ZX",
    "duration": 26,
    "revenue": 98,
    "cost": 18,
    "practitioner_id": 9
  },
  {
    "id": 933,
    "date": "3/15/2018",
    "client_name": "Brett Ivanets",
    "appointment_type": "10Y04ZR",
    "duration": 48,
    "revenue": 68,
    "cost": 10,
    "practitioner_id": 5
  },
  {
    "id": 934,
    "date": "4/5/2018",
    "client_name": "Karita Roskruge",
    "appointment_type": "06QY3ZZ",
    "duration": 42,
    "revenue": 63,
    "cost": 22,
    "practitioner_id": 9
  },
  {
    "id": 935,
    "date": "12/8/2017",
    "client_name": "West Shardlow",
    "appointment_type": "05V50DZ",
    "duration": 29,
    "revenue": 95,
    "cost": 16,
    "practitioner_id": 6
  },
  {
    "id": 936,
    "date": "11/21/2017",
    "client_name": "Broderick Studders",
    "appointment_type": "0SNL3ZZ",
    "duration": 48,
    "revenue": 52,
    "cost": 40,
    "practitioner_id": 4
  },
  {
    "id": 937,
    "date": "9/3/2018",
    "client_name": "Rolland Hansmann",
    "appointment_type": "09CB3ZZ",
    "duration": 55,
    "revenue": 65,
    "cost": 19,
    "practitioner_id": 10
  },
  {
    "id": 938,
    "date": "10/30/2017",
    "client_name": "Cosimo Romaines",
    "appointment_type": "0BP10DZ",
    "duration": 34,
    "revenue": 63,
    "cost": 33,
    "practitioner_id": 1
  },
  {
    "id": 939,
    "date": "3/7/2018",
    "client_name": "Daisie Rupprecht",
    "appointment_type": "02HP02Z",
    "duration": 39,
    "revenue": 85,
    "cost": 15,
    "practitioner_id": 1
  },
  {
    "id": 940,
    "date": "12/2/2017",
    "client_name": "Kelcie Birchwood",
    "appointment_type": "08LY3DZ",
    "duration": 49,
    "revenue": 88,
    "cost": 15,
    "practitioner_id": 6
  },
  {
    "id": 941,
    "date": "6/30/2018",
    "client_name": "Karlik Akitt",
    "appointment_type": "0D118J4",
    "duration": 51,
    "revenue": 94,
    "cost": 24,
    "practitioner_id": 9
  },
  {
    "id": 942,
    "date": "4/20/2018",
    "client_name": "Dolph Annets",
    "appointment_type": "0VUQ4JZ",
    "duration": 25,
    "revenue": 86,
    "cost": 14,
    "practitioner_id": 6
  },
  {
    "id": 943,
    "date": "11/9/2017",
    "client_name": "Theodor Plenty",
    "appointment_type": "0T9670Z",
    "duration": 49,
    "revenue": 73,
    "cost": 14,
    "practitioner_id": 8
  },
  {
    "id": 944,
    "date": "3/7/2018",
    "client_name": "Ulysses Joney",
    "appointment_type": "0P974ZZ",
    "duration": 23,
    "revenue": 97,
    "cost": 40,
    "practitioner_id": 3
  },
  {
    "id": 945,
    "date": "4/14/2018",
    "client_name": "Evie Oxtarby",
    "appointment_type": "0V953ZX",
    "duration": 31,
    "revenue": 100,
    "cost": 31,
    "practitioner_id": 5
  },
  {
    "id": 946,
    "date": "9/1/2018",
    "client_name": "Silvie Rathmell",
    "appointment_type": "0KWX4JZ",
    "duration": 56,
    "revenue": 91,
    "cost": 37,
    "practitioner_id": 9
  },
  {
    "id": 947,
    "date": "1/30/2018",
    "client_name": "Dyan Karpeev",
    "appointment_type": "0FNG3ZZ",
    "duration": 48,
    "revenue": 59,
    "cost": 36,
    "practitioner_id": 7
  },
  {
    "id": 948,
    "date": "7/23/2018",
    "client_name": "Ginelle Sturman",
    "appointment_type": "B41J010",
    "duration": 55,
    "revenue": 61,
    "cost": 29,
    "practitioner_id": 7
  },
  {
    "id": 949,
    "date": "3/25/2018",
    "client_name": "Harlie Dominique",
    "appointment_type": "0NRN0KZ",
    "duration": 46,
    "revenue": 61,
    "cost": 12,
    "practitioner_id": 6
  },
  {
    "id": 950,
    "date": "12/3/2017",
    "client_name": "Delphinia Apthorpe",
    "appointment_type": "0LNB3ZZ",
    "duration": 57,
    "revenue": 60,
    "cost": 38,
    "practitioner_id": 6
  },
  {
    "id": 951,
    "date": "10/4/2017",
    "client_name": "Derby Crofthwaite",
    "appointment_type": "0M583ZZ",
    "duration": 25,
    "revenue": 81,
    "cost": 34,
    "practitioner_id": 1
  },
  {
    "id": 952,
    "date": "5/11/2018",
    "client_name": "Tate Borth",
    "appointment_type": "03UB0JZ",
    "duration": 41,
    "revenue": 72,
    "cost": 26,
    "practitioner_id": 9
  },
  {
    "id": 953,
    "date": "4/6/2018",
    "client_name": "Selina Timeby",
    "appointment_type": "05HV43Z",
    "duration": 28,
    "revenue": 92,
    "cost": 18,
    "practitioner_id": 4
  },
  {
    "id": 954,
    "date": "3/4/2018",
    "client_name": "Benny Pudan",
    "appointment_type": "0PWKX4Z",
    "duration": 35,
    "revenue": 71,
    "cost": 14,
    "practitioner_id": 1
  },
  {
    "id": 955,
    "date": "6/27/2018",
    "client_name": "Jordon Janku",
    "appointment_type": "0RQW3ZZ",
    "duration": 22,
    "revenue": 71,
    "cost": 20,
    "practitioner_id": 1
  },
  {
    "id": 956,
    "date": "3/9/2018",
    "client_name": "Solly Lace",
    "appointment_type": "0NJWXZZ",
    "duration": 33,
    "revenue": 97,
    "cost": 37,
    "practitioner_id": 7
  },
  {
    "id": 957,
    "date": "2/6/2018",
    "client_name": "Katee Copin",
    "appointment_type": "07V93ZZ",
    "duration": 20,
    "revenue": 55,
    "cost": 21,
    "practitioner_id": 7
  },
  {
    "id": 958,
    "date": "9/5/2018",
    "client_name": "Giffie Churchin",
    "appointment_type": "03UC07Z",
    "duration": 43,
    "revenue": 62,
    "cost": 17,
    "practitioner_id": 9
  },
  {
    "id": 959,
    "date": "6/14/2018",
    "client_name": "Dennis Lascell",
    "appointment_type": "0KB50ZZ",
    "duration": 39,
    "revenue": 79,
    "cost": 33,
    "practitioner_id": 6
  },
  {
    "id": 960,
    "date": "11/29/2017",
    "client_name": "Perla Tolliday",
    "appointment_type": "0NWB3MZ",
    "duration": 54,
    "revenue": 52,
    "cost": 12,
    "practitioner_id": 7
  },
  {
    "id": 961,
    "date": "8/2/2018",
    "client_name": "Dennis Utterson",
    "appointment_type": "02HT30Z",
    "duration": 22,
    "revenue": 61,
    "cost": 22,
    "practitioner_id": 5
  },
  {
    "id": 962,
    "date": "6/2/2018",
    "client_name": "Abran Cresar",
    "appointment_type": "03C43ZZ",
    "duration": 44,
    "revenue": 98,
    "cost": 10,
    "practitioner_id": 10
  },
  {
    "id": 963,
    "date": "6/28/2018",
    "client_name": "De Umfrey",
    "appointment_type": "0RWG0JZ",
    "duration": 59,
    "revenue": 51,
    "cost": 35,
    "practitioner_id": 5
  },
  {
    "id": 964,
    "date": "4/5/2018",
    "client_name": "Correna Kira",
    "appointment_type": "0P8J3ZZ",
    "duration": 33,
    "revenue": 56,
    "cost": 14,
    "practitioner_id": 10
  },
  {
    "id": 965,
    "date": "6/17/2018",
    "client_name": "Jillie Fellowes",
    "appointment_type": "0RHK08Z",
    "duration": 23,
    "revenue": 93,
    "cost": 32,
    "practitioner_id": 1
  },
  {
    "id": 966,
    "date": "1/4/2018",
    "client_name": "Iseabal Freear",
    "appointment_type": "031B093",
    "duration": 53,
    "revenue": 75,
    "cost": 21,
    "practitioner_id": 9
  },
  {
    "id": 967,
    "date": "6/5/2018",
    "client_name": "Waverley Wholesworth",
    "appointment_type": "0SCN3ZZ",
    "duration": 29,
    "revenue": 55,
    "cost": 16,
    "practitioner_id": 1
  },
  {
    "id": 968,
    "date": "1/11/2018",
    "client_name": "Sandi Le Noire",
    "appointment_type": "092HXYZ",
    "duration": 40,
    "revenue": 82,
    "cost": 39,
    "practitioner_id": 3
  },
  {
    "id": 969,
    "date": "5/20/2018",
    "client_name": "Axel Roycroft",
    "appointment_type": "06N60ZZ",
    "duration": 25,
    "revenue": 97,
    "cost": 17,
    "practitioner_id": 8
  },
  {
    "id": 970,
    "date": "10/16/2017",
    "client_name": "Gerty Billsberry",
    "appointment_type": "0KM50ZZ",
    "duration": 45,
    "revenue": 61,
    "cost": 36,
    "practitioner_id": 10
  },
  {
    "id": 971,
    "date": "3/19/2018",
    "client_name": "Lorne Wintringham",
    "appointment_type": "03RC4JZ",
    "duration": 17,
    "revenue": 78,
    "cost": 38,
    "practitioner_id": 4
  },
  {
    "id": 972,
    "date": "5/3/2018",
    "client_name": "Jacinta Filisov",
    "appointment_type": "02LR0CT",
    "duration": 22,
    "revenue": 56,
    "cost": 26,
    "practitioner_id": 6
  },
  {
    "id": 973,
    "date": "2/2/2018",
    "client_name": "Vitia Glynn",
    "appointment_type": "0D1H0JP",
    "duration": 55,
    "revenue": 88,
    "cost": 24,
    "practitioner_id": 8
  },
  {
    "id": 974,
    "date": "7/7/2018",
    "client_name": "Hercules Jeger",
    "appointment_type": "0N8G0ZZ",
    "duration": 56,
    "revenue": 67,
    "cost": 16,
    "practitioner_id": 7
  },
  {
    "id": 975,
    "date": "2/4/2018",
    "client_name": "Layne Battyll",
    "appointment_type": "2W3UX1Z",
    "duration": 10,
    "revenue": 61,
    "cost": 23,
    "practitioner_id": 1
  },
  {
    "id": 976,
    "date": "4/7/2018",
    "client_name": "Karl Bordone",
    "appointment_type": "00XL0ZL",
    "duration": 22,
    "revenue": 74,
    "cost": 19,
    "practitioner_id": 5
  },
  {
    "id": 977,
    "date": "12/8/2017",
    "client_name": "Aura Barrick",
    "appointment_type": "0WWP33Z",
    "duration": 32,
    "revenue": 92,
    "cost": 10,
    "practitioner_id": 5
  },
  {
    "id": 978,
    "date": "5/29/2018",
    "client_name": "Rania Gaythor",
    "appointment_type": "0JXP0ZB",
    "duration": 30,
    "revenue": 53,
    "cost": 11,
    "practitioner_id": 5
  },
  {
    "id": 979,
    "date": "11/5/2017",
    "client_name": "Mal Miners",
    "appointment_type": "F0DZ1LZ",
    "duration": 26,
    "revenue": 98,
    "cost": 11,
    "practitioner_id": 9
  },
  {
    "id": 980,
    "date": "5/15/2018",
    "client_name": "Vern Bools",
    "appointment_type": "0VWS40Z",
    "duration": 39,
    "revenue": 85,
    "cost": 27,
    "practitioner_id": 8
  },
  {
    "id": 981,
    "date": "5/5/2018",
    "client_name": "Florentia Butter",
    "appointment_type": "0PW04KZ",
    "duration": 47,
    "revenue": 66,
    "cost": 30,
    "practitioner_id": 4
  },
  {
    "id": 982,
    "date": "2/19/2018",
    "client_name": "Tyler Lambert",
    "appointment_type": "0LRC07Z",
    "duration": 20,
    "revenue": 73,
    "cost": 21,
    "practitioner_id": 8
  },
  {
    "id": 983,
    "date": "9/26/2017",
    "client_name": "Danyelle Brydell",
    "appointment_type": "0M2YXYZ",
    "duration": 16,
    "revenue": 75,
    "cost": 35,
    "practitioner_id": 2
  },
  {
    "id": 984,
    "date": "12/13/2017",
    "client_name": "Priscilla Cox",
    "appointment_type": "0RGW47Z",
    "duration": 29,
    "revenue": 77,
    "cost": 31,
    "practitioner_id": 6
  },
  {
    "id": 985,
    "date": "3/16/2018",
    "client_name": "Butch Armistead",
    "appointment_type": "041J0AD",
    "duration": 31,
    "revenue": 99,
    "cost": 35,
    "practitioner_id": 4
  },
  {
    "id": 986,
    "date": "3/25/2018",
    "client_name": "Malissia Manna",
    "appointment_type": "0CCQ3ZZ",
    "duration": 53,
    "revenue": 69,
    "cost": 37,
    "practitioner_id": 10
  },
  {
    "id": 987,
    "date": "3/13/2018",
    "client_name": "Daisey Massingham",
    "appointment_type": "041C0J4",
    "duration": 34,
    "revenue": 85,
    "cost": 21,
    "practitioner_id": 10
  },
  {
    "id": 988,
    "date": "12/17/2017",
    "client_name": "Waneta Lewin",
    "appointment_type": "0RHU04Z",
    "duration": 25,
    "revenue": 72,
    "cost": 19,
    "practitioner_id": 8
  },
  {
    "id": 989,
    "date": "12/20/2017",
    "client_name": "Jemmy Beedham",
    "appointment_type": "0NCQ3ZZ",
    "duration": 28,
    "revenue": 69,
    "cost": 24,
    "practitioner_id": 1
  },
  {
    "id": 990,
    "date": "1/31/2018",
    "client_name": "Blancha Margerison",
    "appointment_type": "055L0ZZ",
    "duration": 13,
    "revenue": 59,
    "cost": 30,
    "practitioner_id": 7
  },
  {
    "id": 991,
    "date": "6/16/2018",
    "client_name": "Chantal Dunk",
    "appointment_type": "041K0ZH",
    "duration": 46,
    "revenue": 83,
    "cost": 37,
    "practitioner_id": 4
  },
  {
    "id": 992,
    "date": "7/19/2018",
    "client_name": "Lee Woffinden",
    "appointment_type": "0SUL0JZ",
    "duration": 10,
    "revenue": 66,
    "cost": 29,
    "practitioner_id": 8
  },
  {
    "id": 993,
    "date": "9/14/2018",
    "client_name": "Neille Demonge",
    "appointment_type": "0NRD0JZ",
    "duration": 17,
    "revenue": 92,
    "cost": 20,
    "practitioner_id": 10
  },
  {
    "id": 994,
    "date": "12/31/2017",
    "client_name": "Adey Heams",
    "appointment_type": "0QBK4ZZ",
    "duration": 37,
    "revenue": 75,
    "cost": 23,
    "practitioner_id": 10
  },
  {
    "id": 995,
    "date": "7/8/2018",
    "client_name": "Marius Young",
    "appointment_type": "02RS48Z",
    "duration": 45,
    "revenue": 77,
    "cost": 26,
    "practitioner_id": 3
  },
  {
    "id": 996,
    "date": "10/3/2017",
    "client_name": "Georgianne Ghirardi",
    "appointment_type": "30233X0",
    "duration": 51,
    "revenue": 85,
    "cost": 34,
    "practitioner_id": 4
  },
  {
    "id": 997,
    "date": "12/22/2017",
    "client_name": "Renaud August",
    "appointment_type": "0F180Z7",
    "duration": 31,
    "revenue": 54,
    "cost": 34,
    "practitioner_id": 1
  },
  {
    "id": 998,
    "date": "11/13/2017",
    "client_name": "Dorree Cankett",
    "appointment_type": "0JHM0NZ",
    "duration": 42,
    "revenue": 100,
    "cost": 15,
    "practitioner_id": 5
  },
  {
    "id": 999,
    "date": "11/15/2017",
    "client_name": "Clerc Coopman",
    "appointment_type": "0BCH7ZZ",
    "duration": 21,
    "revenue": 71,
    "cost": 12,
    "practitioner_id": 4
  },
  {
    "id": 1000,
    "date": "3/10/2018",
    "client_name": "Briggs Pharo",
    "appointment_type": "0PUN0JZ",
    "duration": 28,
    "revenue": 69,
    "cost": 16,
    "practitioner_id": 10
  }
]
